5150 6530
1421 743 1476 816 141

515 957 667 1033 Quaero.
727 983 758 1021 a.
785 947 958 1021 &cuum
975 973 996 1018 a
1006 943 1191 1043 judicibus
1209 943 1452 1034 observandae,
1469 958 1506 1018 et
1521 947 1626 1045 plura
1641 947 1715 1022 huc
1732 947 1962 1047 pertinentia.

551 1063 632 1170 27,
726 1082 761 1160 β.
788 1069 1024 1146 Sacerdotum
1041 1068 1171 1158 officia,
1182 1069 1267 1165 jura
1283 1081 1320 1141 et
1336 1069 1534 1168 privilegia.

568 1200 617 1279 A.
725 1229 759 1293 γ.
786 1199 843 1270 De
860 1219 1060 1296 pauperum
1077 1193 1275 1293 privilegiis
1293 1205 1330 1266 et
1347 1193 1618 1267 sustentatione.

826 1319 964 1394 Omnia
981 1344 1057 1392 rara
1073 1332 1111 1390 et
1125 1316 1273 1407 inedita,
1290 1316 1496 1417 exemplare
1513 1329 1654 1392 vetusto
1672 1331 1856 1419 congesta.

553 1553 634 1650 28,
677 1563 790 1637 anr
808 1561 1198 1662 Sigurdini,Acrensis,
1213 1562 1296 1636 Fori
1315 1561 1532 1638 Communis
1549 1562 1716 1637 lalandioe
1733 1563 1945 1654 Assessoris,
1956 1565 2149 1640 Discursus
2166 1566 2211 1640 de

569 1689 617 1769 Α,
704 1687 904 1761 actionibus
923 1713 1112 1761 causarum
1133 1686 1348 1786 (Meining
1369 1713 1440 1760 um
1458 1685 1763 1786 Lagasoknir),
1781 1715 1923 1762 annexa
1939 1690 2102 1789 epistola,
2119 1691 2212 1788 ejus-

702 1813 785 1886 dem
813 1812 1017 1912 argumenti
1044 1811 1089 1885 ad
1114 1810 1389 1910 Eggerhardum
1415 1811 1670 1902 Biormninm,
1698 1813 1803 1890 1678.
1854 1813 1995 1913 Scripta
2021 1814 2212 1904 rarissima,

703 1963 817 2035 quum
835 1962 904 2008 nec
922 1936 1001 2025 ista,
1019 1962 1087 2008 nec
1110 1961 1236 2008 eorum
1254 1948 1389 2026 auctor,
1405 1935 1445 2006 in
1462 1933 1697 2036 Sciagraphia
1711 1935 1882 2011 Historioe
1900 1936 2082 2012 Literariae
2098 1939 2212 2012 Islan-

703 2062 792 2135 dicae
818 2071 1159 2133 commemorentur.
1202 2059 1401 2158 Exemplar
1425 2059 1618 2157 optimum,
1636 2084 1747 2132 manu
1766 2060 1870 2133 Jonae
1894 2059 2072 2151 Martinii,
2089 2087 2212 2136 exara-

704 2198 794 2258 tum.
821 2182 975 2257 Inedita.

554 2423 633 2519 29.
677 2435 902 2508 Eonunnun
920 2431 1143 2531 Scriptorum
1157 2429 1287 2505 Versio
1304 2430 1445 2519 Latina,
1459 2455 1571 2502 manu
1586 2429 1689 2504 Jonae
1705 2430 1870 2504 Martinii
1887 2443 1936 2521 et,
1947 2445 1989 2504 ut
2001 2432 2153 2522 videtur,
2167 2434 2212 2506 ab

538 2558 585 2639 Β,
606 2557 654 2638 Ε,
703 2553 782 2651 ipso
798 2566 954 2643 exarata,
972 2563 1080 2649 atque
1097 2551 1284 2650 exemplar
1299 2551 1450 2625 unicum
1461 2550 1541 2647 jam
1559 2551 1729 2625 existens.
1773 2551 1968 2626 lneditum.

552 2786 633 2884 30
677 2796 814 2870 Macru
833 2795 1011 2869 Johannis
1035 2795 1093 2867 vel
1115 2795 1232 2868 Jonoei
1258 2794 1388 2891 (Patn's
1412 2795 1638 2868 celeberrimi
1655 2796 1765 2868 Amce
1787 2794 1948 2894 Magnoei
1970 2807 2007 2868 et
2022 2795 2213 2886 Johannis,

568 2924 619 3004 A.
701 2921 758 2993 vel
773 2920 877 2993 Jonae
894 2919 1067 3018 Magnaei,
1085 2918 1188 3015 cujus
1205 2918 1362 3019 plurima
1380 2920 1539 3017 juridica
1563 2920 1696 3019 scripta
1718 2920 1779 2992 hic
1801 2919 2214 3018 recitantur)-Disqui-

703 3045 785 3118 sitio
802 3043 848 3117 de
864 3042 1103 3120 Haereditario
1118 3042 1218 3134 Jurc,
1237 3043 1478 3143 gradibusque
1501 3042 1636 3118 ibidem
1661 3043 1962 3134 occurrrentibus,
1988 3045 2093 3122 1675.
2138 3044 2214 3119 Ex-

703 3173 843 3271 emplar
857 3170 1052 3271 optimum,
1070 3195 1182 3244 manu
1197 3170 1301 3244 Jonoe
1315 3169 1491 3243 Martinii.
1526 3168 1724 3243 Ineditum.

550 3409 633 3507 31,
680 3421 865 3495 Esusnun
902 3417 1115 3493 Dissertatio
1149 3417 1194 3490 de
1223 3418 1442 3494 Actionibus
1478 3417 1680 3493 Causarum
1717 3416 1763 3490 ad
1796 3418 1953 3517 primam
1988 3417 2210 3492 instantiam.

568 3545 616 3626 Α,
704 3544 903 3644 Exemplar
943 3541 1293 3643 prestantissimum,
1328 3567 1439 3616 manu
1480 3542 1583 3615 Jonae
1624 3540 1791 3614 Martinii
1833 3555 2032 3615 exaratum.
2093 3541 2212 3616 Inedi-

704 3682 795 3742 tum.

552 3912 634 4010 32
680 3921 909 3996 cansam
923 3919 1071 3992 Miilleri
1089 3917 1235 4017 (Danici
1248 3914 1415 3990 Islandiae
1429 3913 1609 4010 Praefecti)
1625 3927 1663 3987 et
1678 3915 1853 4016 (proprie)
1867 3914 2091 3989 celeberrimi
2105 3915 2213 3990 Arnae

569 4049 617 4129 Α,
704 4039 863 4138 Magnaei
879 4041 959 4132 (suo
969 4055 1006 4111 et
1016 4038 1119 4113 Pauli
1129 4036 1290 4113 Vidalini
1310 4037 1471 4134 nomine)
1490 4035 1762 4135 Compendium
1776 4035 1948 4110 Historiae
1959 4036 2058 4109 Juris
2071 4037 2213 4111 Veteris

705 4162 899 4262 Norvegici
922 4176 959 4236 et
982 4161 1166 4253 Islandici,
1183 4163 1228 4234 ab
1256 4187 1351 4234 anno
1378 4161 1484 4250 1274,
1501 4185 1586 4232 cum
1612 4159 1745 4234 criticis
1771 4160 1867 4234 circa
1887 4160 2089 4260 praecipuos
2107 4160 2212 4262 Legis

704 4283 893 4360 Islandicoe
910 4287 1051 4362 codices
1067 4285 1520 4384 observationibus-Regi
1537 4283 1729 4358 Frederico
1745 4297 1885 4381 quarto,
1899 4297 1996 4358 certa
2012 4285 2213 4375 occasione,

705 4408 910 4484 dedicatum
932 4415 1038 4491 1709.
1069 4414 1221 4488 Danice.
1267 4410 1534 4511 Apographum
1554 4408 1667 4508 ipsius
1684 4409 1867 4509 originalis
1891 4411 2213 4501 accuratissimum,

706 4560 752 4607 cx
769 4533 949 4634 adscripto
963 4536 987 4609 J
989 4563 1067 4609 onae
1084 4537 1248 4610 Martinii
1266 4547 1304 4608 et
1321 4536 1366 4609 C.
1382 4534 1529 4607 Molleri
1545 4533 1765 4608 testimonio.
1804 4533 1986 4609 lneditum
2005 4561 2047 4609 ac
2064 4536 2210 4634 quidem

706 4659 939 4732 rarissimum.
983 4659 1043 4734 Cf.
1061 4686 1168 4759 supra
1186 4660 1251 4733 ΝΟ.
1273 4660 1330 4748 14,
1347 4666 1384 4746 β.
1402 4669 1438 4729 et
1459 4658 1516 4747 18,
1533 4656 1652 4748 itus,
1669 4658 1729 4730 36.

554 4907 634 5006 33,
679 4904 942 5002 Tnanscnrm
959 4926 1175 4992 varusrA,e
1195 4901 1407 4976 Protocollis
1430 4899 1512 4974 Fori
1532 4897 1719 4974 Generalis
1736 4897 1915 4990 Islandioe,
1933 4901 1978 4973 ab
2001 4927 2097 4974 anno
2118 4903 2206 4976 1631

573 5043 618 5124 C,
706 5030 751 5104 ad
769 5056 906 5106 annum
927 5033 1034 5122 1660,
1053 5033 1154 5131 (cum
1171 5027 1387 5128 legislatoris
1403 5027 1515 5127 ipsius
1534 5026 1724 5100 auctoritas
1741 5025 1808 5098 rite
1826 5024 2007 5119 cessaret.)
