5150 6530
1362 779 1414 853 54

460 979 745 1054 Octavolscss
762 980 861 1055 Onu
880 1001 991 1056 Palati
1011 979 1128 1054 Rrers
1145 979 1282 1054 ΒΑΜ
1299 1004 1425 1071 novis,
1436 981 1503 1053 &a
1522 978 1730 1077 (Islandiee)
1747 980 1892 1080 penitus
1909 981 2070 1065 fictitioe;
2097 1005 2157 1054 ve·

482 1080 592 1183 140.
647 1103 843 1178 risimiliter
859 1104 1045 1207 exemplar
1062 1104 1210 1178 unicum
1223 1103 1303 1201 jam
1322 1104 1492 1178 existens.

474 1219 524 1302 B.
543 1219 595 1302 D.

1259 1350 1536 1402 ...φ-...-

1272 1567 1328 1640 ΙΝ
1355 1565 1522 1640 FOLIO.

477 1711 595 1774 Fomo.
622 1714 757 1788 Orsus
782 1711 937 1786 Burrum
961 1711 1102 1801 JONAEI,
1127 1711 1302 1812 Episcopi
1328 1711 1513 1802 Holensis,
1540 1711 1614 1784 nati
1641 1711 1736 1784 circa
1758 1735 1897 1784 annum
1926 1709 2034 1798 1200,
2052 1708 2157 1806 jussu

483 1795 594 1897 141·
646 1834 789 1934 Magni,
808 1833 999 1933 Norvegioe
1025 1832 1242 1907 haereditarii
1266 1833 1444 1933 Principis
1470 1845 1508 1906 et
1531 1844 1658 1932 postea
1682 1830 1805 1930 Regis,
1823 1828 2039 1927 conscripta,
2056 1828 2112 1901 vel
2136 1853 2156 1900 e

513 1935 563 2016 Α·
648 1962 778 2036 Latino
795 1986 960 2034 sermone
977 1986 1090 2050 versa,
1106 1958 1225 2033 adhuc
1242 1959 1386 2059 penitus
1404 1957 1551 2048 inedita,
1569 1957 1763 2030 nimirum:

672 2084 719 2157 A.
746 2083 867 2174 Liber,
880 2081 997 2156 dictus
1014 2080 1180 2178 Stjorn,
1198 2080 1400 2170 continens,

726 2204 758 2275 l.
785 2201 1025 2302 Paraphrasin
1047 2201 1221 2275 librorum
1244 2201 1497 2275 historicorum
1513 2199 1656 2276 Veteris
1677 2195 1901 2271 Testamenti
1928 2197 2030 2292 (cum
2046 2196 2158 2269 intro·

745 2324 915 2400 ductione
938 2324 1103 2425 originali
1127 2326 1397 2425 Cosmogonica
1412 2337 1451 2399 et
1467 2323 1735 2425 Geographica)
1759 2319 1889 2395 additis
1912 2321 2035 2394 multis
2051 2320 2157 2395 Glos-

746 2450 806 2541 sis,
822 2449 1090 2524 Traditionibus
1115 2463 1152 2524 et
1174 2450 1383 2541 Sententiis,
1401 2448 1521 2523 medio
1537 2449 1633 2524 AEvo
1650 2445 1972 2545 acceptis-usque
1995 2442 2042 2518 ad
2063 2471 2158 2518 mor-

744 2591 821 2649 tem
836 2573 1018 2649 Joaohimi
1037 2574 1111 2648 sive
1126 2573 1314 2649 Jechoniae
1332 2573 1453 2673 Regis.

720 2695 756 2767 2.
782 2692 983 2768 Historiam
1000 2693 1200 2768 Alexandri
1217 2694 1360 2795 Magni,
1380 2694 1555 2791 (alioquin
1573 2693 1702 2792 saepius
1719 2694 1949 2792 separatam.)

721 2819 756 2890 3.
783 2817 984 2892 Historiam
1008 2818 1248 2894 Hebraeorum
1274 2821 1341 2893 sub
1365 2818 1525 2918 Regibus
1546 2817 1672 2917 Syriae,
1688 2816 1842 2916 propriis
1866 2814 2104 2916 principibus,
2121 2827 2158 2888 et

749 2941 938 3032 Romanis,
954 2968 1069 3041 usque
1087 2940 1133 3016 ad
1149 2943 1444 3018 Destructionern
1462 2941 1738 3041 Hierosolyma.

671 3064 718 3138 B.
744 3065 908 3140 Historia
936 3067 1197 3158 Romanorum,
1228 3067 1353 3168 (vulgo
1381 3065 1786 3165 R6mveria-Saga.)
1850 3064 1944 3140 Haec
1979 3065 2159 3138 rarissima

698 3192 877 3268 Collectio
903 3193 1032 3266 merito
1056 3193 1150 3267 inter
1175 3192 1470 3294 prestantissima
1494 3192 1625 3266 veteris
1650 3189 1921 3266 Scandinavicae
1947 3189 2020 3264 sive
2044 3190 2159 3264 Islan-

697 3311 787 3385 dicae
804 3312 938 3413 linguae
955 3327 1191 3388 monumenta
1207 3315 1372 3389 habetur.

1254 3605 1529 3657 ...Q-.-

1212 3871 1275 3945 IN
1308 3870 1563 3962 QUARTO.

463 4066 766 4152 Qus210.00osx
782 4066 805 4141 J
809 4089 993 4141 uarmcus
1009 4066 1199 4141 continens
1213 4067 1327 4142 varias
1340 4066 1456 4167 leges
1470 4093 1512 4141 ac
1525 4079 1646 4140 vetera
1659 4065 1801 4165 Regum
1815 4064 2006 4165 Norvegiae
2017 4063 2160 4160 Edicta,

486 4164 597 4261 142
649 4191 765 4264 multa
789 4191 934 4265 Statuta
958 4206 995 4264 et
1019 4191 1224 4268 Sententias
1249 4191 1333 4266 Fori
1360 4191 1549 4293 generalis,
1573 4189 1768 4290 Synodalia
1793 4187 2073 4297 E'pircoporun),¹
2091 4193 2158 4267 &a

515 4300 563 4382 A.
650 4314 825 4413 Pleraque
849 4342 928 4390 rara
943 4329 981 4390 et
1003 4314 1150 4389 inedita.
1203 4316 1373 4410 (Praefixa
1394 4328 1450 4390 est
1471 4315 1678 4416 Explicatio
1701 4311 1912 4389 Glossarum
1927 4314 2025 4389 Juris
2043 4316 2158 4392 Islan-

651 4436 722 4511 dici
740 4440 995 4531 obsoletarum,
1009 4440 1169 4514 Auctore
1183 4441 1322 4516 Biorno
1336 4443 1359 4518 J
1361 4469 1475 4534 onaeo,
1493 4439 1737 4517 Skardsaensi.
1780 4439 1980 4540 Exemplar
1996 4467 2157 4519 coaevum

651 4575 688 4634 et
705 4563 797 4636 forte
814 4562 1109 4665 autographum.)
1155 4564 1257 4639 Ined.

488 4778 599 4883 143.
625 4805 726 4881 Auni
746 4801 933 4880 Jusrmcn
952 4804 1183 4900 Cosascrro,
1202 4808 1408 4908 (Benedicti
1433 4809 1594 4910 Magnaei
1613 4808 1930 4885 Bechchoronomi
1950 4810 2160 4913 Skagaljor-

480 4921 530 5003 A.
549 4919 602 5002 D.
652 4929 773 5003 densis
791 4929 1027 5029 autographa,
1043 4957 1139 5005 anno
1161 4933 1284 5031 1696,)
1312 4935 1492 5009 rarissima
1510 4949 1548 5007 et
1569 4932 1726 5020 inedita;
1753 4933 1993 5009 verisimiliter
2009 4937 2159 5016 unicum

647 5053 727 5151 jam
752 5053 910 5127 existens
938 5055 1136 5158 exemplar,
1154 5069 1191 5131 et
1216 5058 1353 5133 auctori
1376 5056 1619 5158 Sciagraphiae
1641 5056 1812 5133 Historiae
1839 5056 2019 5134 Literariae
2045 5061 2160 5138 Islan-

654 5176 782 5252 dorum
799 5179 976 5278 ignotum.
