5150 6530
1107 711 1162 786 35

440 940 527 1000 nas3
555 925 679 986 contra
704 911 990 997 incantationes;
1019 923 1145 984 contra
1165 911 1363 998 veneficia3
1391 911 1786 1014 contraossifiagium
1814 943 1900 992 con·
1916 924 2058 992 Ocrsvo

436 1052 492 1114 tra
516 1037 755 1139 epilepsiam
787 1049 913 1110 contra
937 1047 1091 1110 mortem
1117 1036 1367 1137 repentinam
1394 1062 1460 1136 pro
1484 1035 1581 1112 liuto
1604 1039 1822 1128 avertendo;
1854 1041 1901 1117 ad
1959 1013 2012 1078 ⁸¹⁰·

436 1164 573 1237 furtum
590 1160 850 1262 indagandum,
869 1162 935 1235 &c
972 1159 1065 1234 Haec
1081 1160 1239 1260 plurima
1255 1185 1303 1234 ex
1314 1159 1436 1260 magia
1452 1160 1546 1251 alba,
1563 1161 1633 1236 aha
1650 1177 1771 1238 autem
1788 1165 1899 1266 nigrae

436 1299 520 1362 sunt
545 1284 768 1377 ascribenda,
794 1311 874 1384 quae
899 1286 1010 1359 etiam
1036 1297 1120 1358 ante
1146 1297 1294 1360 centum
1317 1284 1446 1385 viginti
1471 1311 1598 1376 annos,
1621 1287 1663 1360 in
1684 1292 1898 1389 possessoris

434 1411 574 1485 scriniis
599 1414 759 1500 inventa,
784 1435 905 1510 poenae
935 1409 1098 1509 capitalis
1128 1422 1268 1484 reatum
1299 1409 1333 1482 ei
1358 1409 1530 1483 invehere
1555 1411 1780 1510 potuissent;
1808 1440 1840 1488 e.
1861 1441 1896 1516 g.

434 1535 657 1610 characteres
681 1547 807 1608 contra
829 1532 973 1608 felicem
998 1534 1241 1634 piscaturam
1268 1531 1314 1606 ad
1338 1532 1592 1633 impotentiam
1609 1558 1800 1612 veneream
1818 1539 1895 1614 aliis

433 1654 688 1742 efficiendam
716 1653 762 1729 sd
786 1681 842 1728 res
868 1655 1048 1753 (furtivas)
1075 1653 1302 1743 occulendos,
1321 1654 1388 1728 &c
1439 1652 1595 1732 Accedit
1614 1654 1755 1728 Tabula
1775 1656 1895 1732 Caba-

431 1778 548 1852 listica
564 1805 798 1853 numerorum
816 1778 1054 1879 mysticorum
1070 1805 1137 1879 pro
1152 1787 1176 1822 “
1187 1777 1386 1853 Nativitate
1403 1776 1623 1870 statuenda,”
1638 1780 1694 1854 vel
1712 1779 1810 1854 Fatis
1828 1781 1894 1856 ho·

432 1903 574 1977 minum
593 1901 835 2003 explorandis.
888 1903 1101 2000 (Rarissima
1117 1927 1160 1976 ac
1176 1900 1339 1998 inedita.)

356 2149 534 2225 Varusrs
549 2149 786 2225 Bonasnruu
805 2149 1185 2240 Csesunnnronoom,
1203 2174 1274 2248 qua
1291 2148 1464 2222 nimirum
1482 2151 1733 2224 continentur:
1934 2142 2016 2242 94,

404 2310 436 2350 α.
460 2275 601 2350 Tabula
622 2275 868 2366 Planetarum,
886 2272 1016 2348 additis
1037 2273 1295 2373 mythologicis
1312 2297 1450 2363 eorum,
1468 2273 1564 2374 apud
1581 2287 1719 2352 veteres
1739 2276 1891 2377 Septen·
1953 2278 2000 2360 Β,

427 2401 609 2491 trionales,
626 2399 848 2489 nominibus,
864 2410 907 2472 ut
927 2410 964 2471 et
987 2398 1216 2472 metallorum
1241 2409 1349 2494 atque
1373 2397 1626 2472 intestinorum
1648 2399 1891 2475 humanorum

428 2537 650 2599 sacratorum
667 2524 950 2598 enumeratione.

402 2657 440 2737 β.
465 2649 523 2723 De
540 2647 811 2748 Nycthcmeris,
829 2674 872 2721 ac
888 2646 1017 2720 Noctis
1035 2657 1073 2719 et
1088 2645 1172 2720 Diei
1188 2643 1313 2720 Horis.

401 2805 435 2873 γ.
463 2769 720 2848 Calendarium
736 2771 852 2846 Vetus
874 2768 1119 2855 Islandicum;
1146 2767 1275 2842 Indico
1300 2795 1401 2843 more
1426 2769 1465 2843 in
1491 2771 1681 2846 semilunio
1702 2773 1759 2846 vel
1782 2774 1889 2847 semi-

427 2922 569 2972 menses
586 2895 754 2970 divisum.
796 2894 845 2968 N.
861 2894 906 2967 B.
930 2893 953 2967 J
955 2893 1122 2967 anuarius
1140 2893 1202 2966 hic
1217 2890 1347 2992 incipit
1363 2893 1402 2965 in
1420 2892 1626 2969 Calendarii
1645 2896 1888 2989 conclusione,

426 3046 499 3119 qua
520 3032 641 3096 autem
664 3020 802 3094 ratione
825 3018 1029 3103 nescimus;
1057 3029 1182 3092 auctor
1204 3028 1330 3092 tamen
1345 3017 1488 3092 Thorrii
1509 3019 1643 3093 mensis
1660 3019 1804 3094 initium
1821 3048 1888 3122 pro

426 3145 511 3221 anni
536 3145 631 3218 inter
654 3145 792 3246 priscos
818 3143 1063 3218 Scandinavos
1087 3140 1268 3244 principio
1293 3140 1474 3244 accepisse
1493 3141 1646 3218 videtur.
1692 3144 1809 3219 Medii
1825 3143 1886 3219 Ja-

425 3269 542 3343 nuarii
559 3268 635 3343 dies
653 3269 715 3342 hic
731 3267 989 3343 desiderantur.

401 3397 428 3467 b.
454 3392 616 3467 Nomina
631 3390 819 3466 Mensium
836 3391 931 3464 inter
948 3388 1123 3482 Islandos,
1141 3390 1278 3480 Dauos,
1296 3388 1511 3480 Germanos,
1528 3405 1565 3464 et
1581 3392 1702 3492 plures
1720 3393 1885 3492 antiquas

400 3528 666 3717 egilbte'llabula
681 3637 814 3714 Vetere
833 3636 1111 3738 Computistica,
1129 3636 1239 3711 Talb
1245 3635 1378 3737 yrdin
1384 3661 1432 3736 gr
1455 3635 1563 3712 dicta.

400 3777 426 3855 ζ.
451 3766 510 3840 De
525 3764 626 3838 Anni
644 3763 763 3838 Variis
780 3761 1147 3837 Denominationibus
1164 3774 1201 3836 et
1217 3760 1417 3838 Diuisione.

399 3923 429 3981 η.
454 3887 661 3963 Delincatio
677 3887 870 3988 Plagarum
887 3885 1033 3976 Mundi,
1046 3885 1149 3960 Anni
1164 3886 1418 3987 Temporibus,
1431 3885 1631 3960 Elementis
1649 3896 1686 3958 et
1701 3883 1883 3960 Humanae

423 4013 518 4090 Vitae
533 4013 718 4088 AEtatibus
736 4011 915 4112 adaptata.

398 4148 425 4212 t.
450 4137 564 4212 Maris
587 4137 726 4211 Fluxus
747 4151 785 4210 et
807 4137 994 4226 Relluxus,
1012 4161 1033 4208 a
1054 4135 1167 4210 Lunae
1188 4133 1348 4210 Periodis
1368 4132 1627 4234 dependentes,
1650 4157 1734 4206 cum
1759 4133 1883 4206 tabula

422 4260 680 4363 explanatoria.

398 4422 420 4461 ι.
435 4385 577 4462 Tabula
590 4385 791 4458 literamm
806 4383 880 4458 sive
894 4385 1073 4459 Notarum
1087 4382 1284 4458 bunarium
1300 4384 1358 4482 (ut
1370 4380 1431 4456 hi'c
1444 4379 1628 4477 dicuntur)
1643 4405 1708 4480 per
1722 4378 1880 4480 Cyclum

398 4531 402 4616 J
426 4511 470 4586 19
488 4535 679 4599 annorum,
697 4507 817 4608 Signis
834 4506 983 4582 Zodiaci
1001 4506 1181 4608 adaptato.
1631 4523 1638 4538 ·

397 4667 427 4711 κ.
452 4637 510 4711 De
526 4631 780 4724 Hebdomade,
797 4631 874 4731 ejus
892 4632 1042 4734 singulis
1059 4631 1198 4724 diebus,
1215 4645 1327 4729 atque
1343 4654 1467 4704 earum
1490 4640 1528 4701 et
1549 4627 1781 4702 Planetarum
1799 4625 1879 4726 Sig-

422 4787 490 4835 ms.

346 4883 500 4962 Videtur
517 4884 691 4986 scriptum
713 4909 791 4958 esse
808 4909 904 4958 anno
925 4884 1031 4974 1582,
1049 4878 1249 4956 secundum
1266 4880 1421 4957 auctoris
1438 4879 1518 4979 jam
1538 4878 1667 4980 ignoti,
1685 4874 1748 4952 sed
1767 4873 1877 4967 docti,

372 5008 633 5110 autographon.
679 5006 882 5108 (Ineditum
898 5019 935 5081 et
951 5005 1202 5103 rarissimum.)

1084 5154 1106 5204 r
1122 5130 1145 5202 2
