5150 6530
1157 721 1208 796 43

812 924 854 997 It
878 948 1010 996 ensca
1031 921 1137 995 nafn

809 1045 914 1120 Man
938 1045 1026 1119 hon
1049 1045 1185 1144 Anglia

811 1170 1080 1272 Egiktuua

811 1294 937 1370 Kend
959 1322 1005 1368 er
1026 1297 1100 1370 via
1122 1295 1310 1369 Brutum

811 1417 1040 1492 Banasam.

539 1543 719 1617 Posterius
743 1543 909 1643 regnabit
928 1544 1143 1635 Monarcha,
1161 1545 1392 1645 amplissimis
1416 1545 1519 1619 terris
1542 1546 1738 1646 imperans,
1759 1546 1821 1644 qui
1845 1547 1951 1619 mari-

490 1665 546 1738 nis
563 1663 854 1765 expeditionibus
876 1664 1095 1763 Hispaniam
1113 1692 1332 1766 magnopere
1349 1664 1509 1756 terrebit,
1526 1692 1635 1764 quem
1653 1666 1763 1740 etiam
1781 1677 1951 1738 extremae

490 1788 617 1862 mundi
634 1801 772 1889 gentes,
789 1801 831 1862 ut
847 1788 986 1861 Arabes
1003 1801 1041 1861 et
1056 1788 1231 1881 Africani,
1249 1802 1434 1866 metuent:

812 1914 965 1986 Munu'
988 1913 1174 1987 Rabitar

813 2039 926 2112 Raesi
947 2065 1061 2138 ugga

811 2163 906 2238 Uti
929 2162 1080 2237 Heimi

810 2289 873 2361 Oe
896 2285 1095 2359 Affricar

810 2407 894 2479 Far
916 2433 1018 2480 mun
1041 2406 1153 2480 visir

811 2527 1032 2604 Vidlendr
1053 2529 1158 2630 giira

811 2651 847 2724 A
870 2654 922 2725 ea
943 2666 1042 2753 ytra

810 2755 933 2878 ilgur
956 2778 1187 2851 Hisrnnmn.

539 2898 840 2976 Additamentum
859 2901 1054 2991 Carminis,
1073 2899 1248 2996 (Merlino
1266 2901 1312 2973 ab
1332 2912 1477 2973 auctore
1494 2926 1566 2973 non
1588 2898 1836 2999 adscriptum)
1855 2903 1949 2974 hanc

490 3025 730 3123 penultimam
748 3024 935 3124 stropham
952 3025 1121 3098 exhibet:

598 3147 716 3222 vara
739 3151 787 3222 ari
809 3175 863 3221 cn
885 3149 1030 3224 Ensca
1221 3147 1349 3247 Nuper
1366 3148 1561 3246 cogebatur

598 3273 692 3346 AEtt
711 3272 801 3373 fyri
825 3274 989 3349 stundu
1218 3272 1376 3373 Anglica
1392 3274 1514 3346 Proles

597 3394 753 3470 Veldis
777 3398 911 3471 missa
1219 3398 1380 3497 Imperio
1397 3395 1544 3482 cedere3

599 3520 667 3593 Nr‘r
688 3546 733 3592 er
748 3521 908 3594 Valacr
927 3523 1081 3623 k6ngr,
1218 3521 1304 3597 Jam
1322 3522 1403 3596 Rex
1420 3519 1581 3595 Gallicus
1598 3520 1824 3596 dominatur:

598 3644 654 3732 1³6
678 3671 722 3718 er
744 3645 842 3744 pegi
867 3671 951 3719 enn
1220 3648 1306 3721 Non
1323 3658 1446 3718 tamen
1463 3646 1606 3718 illorum
1626 3645 1867 3746 [Anglorum]

597 3768 745 3856 Deirra
766 3768 890 3842 haetti
1219 3771 1300 3845 Nec
1316 3768 1442 3869 populi
1459 3767 1660 3842 Britannici

599 3893 722 3967 Lidit
744 3893 790 3966 af
807 3893 897 3968 tadi
1220 3893 1426 3966 Existentia
1441 3891 1616 3992 disparuit
1632 3893 1652 3965 ὲ
1667 3903 1782 3974 terra;

596 4019 660 4092 Ne
682 4016 768 4092 lids
791 4018 926 4118 Breta
1217 4017 1277 4092 At
1291 4018 1466 4118 cujusque
1483 4017 1636 4091 ditiones

597 4141 742 4217 Hviirs
767 4144 841 4218 via
864 4141 986 4215 maeci
1221 4141 1352 4216 Gladio
1369 4144 1408 4216 in
1426 4167 1527 4215 suam

597 4259 724 4335 Hiall
746 4261 968 4363 eignadiz.
1221 4263 1488 4336 possessionem
1506 4260 1654 4360 redegit.

538 4385 633 4462 Sunt
655 4387 868 4485 transcripta
893 4387 972 4460 haec
996 4411 1138 4460 summa
1160 4384 1347 4486 diligentia
1369 4387 1491 4460 critice
1515 4385 1707 4474 elaborata,
1733 4384 1947 4459 lectionibus

488 4509 707 4583 variantibus
725 4509 765 4582 in
781 4510 944 4609 margine
962 4508 1102 4584 additis.

465 4637 499 4708 3.
525 4634 921 4734 Hugsvinns-mal:
948 4634 971 4708 i.
993 4661 1024 4707 c.
1046 4634 1226 4734 Sapientis
1248 4635 1380 4726 Melos,
1399 4635 1558 4710 Carmen
1582 4635 1777 4735 prolixum,
1801 4634 1845 4708 ad
1869 4661 1946 4708 mo-
2005 4634 2052 4714 A.

488 4756 576 4832 dum
589 4757 809 4832 Eddicorum
820 4759 1034 4832 Poimatum
1047 4758 1205 4832 Haviani
1218 4771 1255 4832 et
1267 4758 1398 4834 Solaris
1410 4759 1640 4851 (Havamsal
1657 4771 1694 4831 et
1706 4757 1942 4856 Salarljau)

489 4882 666 4958 concinne
684 4882 939 4984 compositum.
992 4881 1217 4979 (Ineditum.)

463 5010 500 5080 4.
526 5005 666 5080 Ultima
692 5005 790 5081 Oddi
820 5005 1000 5106 Sagittarii
1029 5006 1162 5084 Cantio
1188 5004 1233 5079 de
1263 5006 1375 5105 ipsius
1408 5006 1607 5106 longinqua
1630 5005 1705 5078 vita
1729 5017 1766 5077 et
1790 5003 1941 5078 heroicis
2005 5013 2050 5094 C⁸

1142 5131 1205 5204 02
