5150 6530
1062 763 1086 834 5

383 975 594 1053 conventus,
627 963 791 1036 convivia
823 975 859 1034 et
890 961 1005 1051 ludos,
1031 962 1215 1050 vestitum,
1247 973 1427 1050 ornatum,
1453 986 1564 1050 arma,
1589 962 1707 1051 tubas,
1738 974 1842 1034 uten-
1869 958 1986 1022 F⁰L1⁰·

384 1090 474 1178 silia,
492 1090 634 1177 balnea,
649 1086 830 1186 conjugia,
845 1085 1020 1176 sodalitia,
1036 1083 1255 1159 medicinam
1270 1099 1307 1157 et
1318 1084 1506 1174 veneficia,
1521 1085 1710 1186 supplicia,
1724 1087 1843 1186 sepul-

383 1228 514 1304 turam,
533 1229 569 1286 et
585 1213 636 1312 pl.
650 1240 659 1283 ε
688 1237 772 1284 cum
790 1209 909 1283 indice
926 1210 1100 1282 continuo
1117 1209 1318 1309 marginali.

358 1341 417 1412 24.
443 1338 707 1413 Annotationes
726 1335 771 1409 ad
793 1335 973 1435 Procopii,
989 1333 1195 1424 Jomandis,
1214 1332 1316 1407 Pauli
1331 1332 1563 1424 Wamefn'di,
1581 1347 1618 1405 et
1632 1334 1685 1433 pl.
1701 1333 1844 1406 relatio-

384 1490 447 1537 nes
464 1462 509 1535 de
523 1462 703 1535 veteribus
718 1459 862 1549 Gothis,
874 1458 1062 1548 Vandalis,
1076 1457 1334 1558 Longobardis,
1348 1471 1386 1531 et
1399 1457 1561 1556 cognatis
1574 1457 1731 1557 populis,
1748 1459 1844 1558 (par-

382 1588 449 1660 tim
468 1585 587 1686 quoad
603 1585 775 1685 parallela
791 1582 1080 1678 Scandinavica.)

779 1781 1097 1857 FASCICULUS
1124 1781 1374 1857 OCTAVUS.

344 1987 405 2043 Art.
696 1926 951 2024 Antiquitotes
966 1925 1146 2000 militares
1162 1937 1264 2000 terra
1282 1926 1460 2024 morique.

364 2083 395 2152 l.
422 2081 479 2153 De
496 2078 643 2180 militari
659 2078 836 2152 Veterum
854 2077 1134 2167 Germanorum,
1150 2077 1348 2166 Thracum,
1365 2091 1402 2149 et
1418 2079 1469 2177 pl.

361 2207 469 2276 2-5.
496 2206 553 2279 De
579 2203 709 2276 militia
733 2202 934 2301 priscorum
960 2200 1282 2287 Scandinavorum,
1300 2201 1500 2300 praesertim
1527 2228 1652 2274 eorum
1674 2201 1794 2290 armis,
1812 2213 1848 2272 et

386 2340 560 2427 apparatu
581 2327 724 2416 bellico,
741 2325 942 2414 tormentis,
960 2326 1112 2399 navibus
1137 2325 1307 2414 classicis,
1331 2325 1613 2424 oppugnationis
1634 2338 1670 2397 et
1693 2324 1848 2397 obsidio·

386 2453 442 2524 nis
460 2451 588 2542 modis,
606 2450 931 2549 stratagematibus
949 2451 1015 2522 &c

363 2575 397 2646 6.
423 2574 481 2647 De
498 2572 721 2662 eorumdem,
739 2586 776 2644 et
791 2572 951 2672 plurium
970 2572 1163 2662 exercitiis,
1181 2588 1218 2646 et
1235 2574 1382 2646 artibus.

311 2699 404 2772 Tota
426 2699 548 2772 haecce
572 2698 638 2771 viri
663 2696 887 2771 celeberrimi
911 2698 1146 2797 autographa,
1165 2699 1310 2772 unicam
1336 2711 1372 2771 et
1397 2697 1571 2771 ineditam
1596 2698 1847 2771 collectionem

360 2825 530 2895 formant.

312 3067 536 3140 Docrrssrm
559 3066 800 3166 Archaeologi,
822 3066 1005 3140 Gunnaris
1024 3067 1138 3158 Pauli,
1156 3068 1342 3167 Praepositi
1366 3067 1547 3156 Islandici,
1565 3067 1845 3142 Observationes
1910 3044 1956 3141 2.

337 3189 375 3261 in
394 3189 507 3261 celeb.
535 3189 763 3288 Schoeningii
782 3188 952 3288 Origines
970 3189 1288 3289 septentrionales.
1316 3189 1611 3289 (Autographum
1629 3189 1834 3288 ineditum.)
1873 3182 1923 3263 Β.
1944 3182 1996 3263 Ι).

313 3439 543 3512 Rusronsuu
570 3437 782 3537 Interpretis
806 3437 992 3534 cujusdam
1020 3436 1145 3527 Eddae,
1170 3450 1207 3511 et
1233 3437 1540 3512 Commentatoris
1564 3439 1715 3538 nuperi:
1742 3463 1778 3511 a.
1802 3437 1847 3510 de
1908 3419 1955 3515 3.

339 3562 544 3635 auctoribus
571 3563 756 3658 utriusque
781 3560 917 3647 Eddae3
944 3560 977 3634 b.
1004 3560 1051 3634 de
1077 3563 1225 3636 nomine
1251 3562 1378 3649 Edda3
1405 3587 1436 3635 c.
1462 3563 1507 3636 de
1534 3563 1767 3662 argumentis,
1785 3589 1847 3636 seu
1871 3555 1922 3636 Β.
1944 3554 1996 3635 Ι).

339 3682 530 3770 contentis,
541 3682 728 3779 utriusque
738 3680 864 3772 Eddae,
875 3695 983 3779 atque
996 3709 1121 3756 earum
1135 3698 1299 3757 veterum
1314 3684 1641 3758 additamentorum
1656 3697 1692 3757 et
1705 3685 1755 3784 pl.
1781 3684 1848 3757 La-

337 3800 432 3884 tine;
451 3800 610 3873 Auctore
628 3802 759 3874 celebri
774 3802 1025 3902 Archaeolog0,
1037 3804 1206 3878 Johanne
1224 3805 1355 3879 Olavio
1369 3806 1678 3896 Grunnavicense,
1691 3805 1849 3894 Islando,

339 3923 507 4019 seniore.)
546 3923 843 4024 (Autographum
860 3924 1070 4024 ineditum.)

314 4172 498 4248 Esusnmu
525 4171 739 4270 Disquisitio
765 4173 810 4247 de
840 4175 1027 4268 codicillis,
1055 4179 1112 4251 vel
1139 4179 1250 4253 literis
1278 4181 1447 4279 antiquis,
1470 4207 1551 4278 quoe
1574 4179 1683 4278 vulgo
1708 4179 1848 4250 Breve
1907 4170 1954 4264 4

342 4298 381 4394 (ἰ.
403 4323 434 4369 e.
458 4294 694 4394 Deplornata)
725 4311 919 4373 vocantur:
954 4301 1125 4374 nimimm
1151 4302 1195 4375 de
1220 4330 1344 4377 earum
1372 4303 1532 4393 historia,
1562 4330 1640 4393 usu,
1666 4318 1703 4376 et
1728 4301 1848 4402 dispo·
1913 4305 1960 4386 Β,

339 4418 470 4490 sitione
502 4417 654 4513 (scilicet
682 4421 842 4508 materia,
868 4422 1062 4513 literatura,
1090 4424 1262 4515 numeris,
1291 4425 1428 4523 sigillis,
1458 4423 1648 4497 atramenti
1678 4421 1848 4496 Islandiei

340 4541 557 4638 praestantia,
575 4540 748 4615 methodo
774 4544 979 4644 colligendi,
1005 4545 1232 4647 disponendi,
1258 4561 1295 4620 et
1319 4546 1589 4648 compingendi,
1611 4546 1731 4619 literas
1756 4547 1849 4619 anti·

341 4665 495 4760 quiores,
509 4667 593 4762 dcc.)
624 4665 918 4767 (Autographum
933 4668 1123 4762 ineditum,
1137 4687 1243 4770 atque
1259 4671 1407 4744 unicum
1420 4671 1511 4744 forte
1522 4671 1601 4767 jam
1615 4670 1772 4743 existens
1786 4696 1847 4742 ex-

341 4789 493 4889 emplar)
517 4790 684 4886 (Danice,
702 4817 785 4865 cum
804 4795 957 4893 margin.
977 4794 1111 4892 Latin.)
1166 4797 1270 4895 [Fuit
1296 4811 1421 4871 auctor
1446 4799 1671 4898 superiorum
1693 4796 1846 4870 duorum

342 4912 556 5010 scriptorum
580 4915 814 4988 celeberrimo
829 4917 940 4990 Amae
957 4918 1127 5018 Magnam
1148 4948 1170 4993 a
1193 4902 1350 5013 secretis,
1366 4938 1404 4995 et
1427 4923 1564 5021 primus
1582 4923 1695 5022 ipsius
1711 4921 1757 4996 ad
1775 4922 1848 4997 Co-

342 5032 439 5106 dices
465 5049 601 5110 veteres
625 5039 785 5114 boreales
812 5039 1087 5134 conservandos,
1115 5056 1152 5117 et
1178 5044 1411 5146 explicandos
1440 5046 1548 5146 legati
1575 5044 1846 5146 Stipendiarius.
