5150 6530
1424 730 1479 811 36

535 935 677 998 OCTAW
692 939 821 1016 vira
838 961 1116 1026 consecranei,
1133 936 1328 1023 nimirum

565 1125 632 1225 95
741 1099 774 1140 α.
800 1063 1005 1163 Descriptio
1023 1075 1060 1136 et
1075 1063 1280 1135 Delineatio
1299 1062 1463 1138 Cometoe
1483 1059 1707 1162 Praegrandis
1724 1060 1790 1134 visi
1808 1060 1954 1135 Hafniae
1975 1063 2081 1153 1680,
2100 1089 2226 1138 secun-

638 1200 648 1220 ·
766 1188 855 1262 dum
872 1189 1059 1287 exemplar
1076 1187 1303 1287 impressum.

581 1021 636 1083 &e

557 1391 594 1450 pa
595 1325 659 1430 rtlm
742 1322 780 1402 β.
806 1313 1041 1388 Enumeratio
1057 1313 1315 1387 Parochiarum
1337 1313 1546 1386 Dioeceseos
1564 1311 1823 1386 Scalholtensis
1845 1313 1951 1403 1709,
1969 1313 2147 1387 annotatis
2173 1339 2225 1388 sa-

585 1453 632 1533 Β,
769 1436 956 1511 cerdotum
973 1436 1102 1510 annuis
1120 1437 1267 1511 salariis.
1317 1436 1402 1511 Hac
1418 1437 1535 1510 forma
1551 1435 1698 1510 inedita.

741 1595 775 1660 γ.
801 1563 858 1636 De
875 1562 986 1635 Anno
1004 1575 1112 1661 atque
1129 1562 1206 1659 ejus
1223 1562 1334 1637 Varia
1350 1562 1549 1651 Divisione,
1566 1561 1770 1650 Mensibus,
1788 1561 1854 1634 &e
1890 1558 2118 1657 (Ineditum.)

743 1689 770 1761 δ.
800 1689 853 1763 De
870 1687 989 1763 Variis
1006 1687 1206 1777 MiraculiS,
1223 1686 1409 1777 Meteoris,
1426 1685 1643 1785 Prophetiis‚
1662 1686 1729 1759 &c
1765 1682 1950 1781 (Inedita.)

743 1845 769 1886 ε.
797 1811 997 1887 Corollaria
1014 1812 1166 1885 Ethica:
1194 1811 1377 1911 (Inedita.)

745 1947 772 2025 ζ.
799 1935 1063 2010 Onomasticon
1087 1935 1285 2025 Biblicum,
1303 1961 1388 2008 curn
1410 1933 1634 2034 singulorum
1657 1932 1838 2024 (Personis
1862 1946 1899 2005 et
1921 1931 2041 2028 Locis)
2064 1931 2229 2032 Proprio-

770 2085 852 2132 rum
877 2059 1081 2132 Nominum
1098 2058 1363 2158 Explicatione,
1381 2057 1506 2131 ordine
1532 2055 1772 2156 alphabetico,
1826 2055 2074 2155 (Opusculunr
2096 2056 2231 2130 rarissi-

771 2209 876 2256 mum
894 2197 931 2256 et
947 2181 1153 2277 ineditum.)

746 2339 776 2396 η.
802 2306 913 2382 Varia
929 2307 1144 2380 Recentiora
1160 2304 1424 2405 Geographica.

572 2539 653 2640 96.
699 2558 899 2632 Pnrucrrrn
924 2557 1174 2646 Ρο11111111,111
1197 2554 1390 2630 Centurias
1411 2550 1614 2641 dividenda,
1633 2549 1695 2623 sed
1721 2551 1765 2624 ab
1790 2562 1934 2623 auctore
1956 2549 2013 2623 vel
2037 2551 2231 2652 interprete

594 2677 642 2758 B.
725 2709 798 2755 non
814 2682 989 2771 absoluta,
1007 2680 1084 2777 ejus
1101 2694 1237 2769 tamen,
1254 2691 1296 2752 ut
1311 2676 1464 2767 videtur,
1485 2675 1763 2775 autographum,
1781 2687 1888 2773 atque
1905 2673 2055 2747 unicum
2072 2675 2152 2772 jam
2169 2703 2232 2750 ex-

725 2800 835 2873 istens
852 2799 1049 2899 exemplar.

573 3033 655 3143 97.
700 3049 947 3122 Bamnaznru
972 3045 1164 3121 Gnacraur
1184 3045 1355 3145 Hispani,
1373 3043 1569 3118 Sententiae
1593 3043 1838 3143 Philosophiae
1859 3058 1895 3116 et
1915 3045 2063 3144 Regulae
2079 3045 2243 3137 Ethioae,'

556 3168 605 3252 B.
626 3168 674 3250 E.
726 3174 770 3245 ab
789 3170 1023 3272 Eggerhardo
1036 3169 1167 3244 Olavio
1180 3169 1445 3270 elegantissime
1459 3169 1496 3241 in
1510 3168 1672 3267 linguam
1690 3167 1907 3241 Islandicam
1925 3169 2106 3242 translate
2128 3169 2232 3248 1753.

724 3294 1004 3394 Autographum
1022 3293 1244 3393 Interpretis,
1259 3293 1369 3367 literis
1384 3291 1551 3366 Gothicis
1569 3291 1757 3390 scripturn,
1771 3304 1809 3363 et
1820 3291 1967 3365 unicam
1978 3291 2059 3388 jam
2076 3292 2232 3366 existens

725 3419 922 3517 exemplar.

574 3650 656 3752 98.
749 3701 781 3740 a.
809 3667 963 3740 Bnrvus
977 3666 1158 3740 Annaeus
1170 3665 1428 3740 Sarnsrrmuru
1447 3689 1530 3739 srva
1543 3665 1842 3739 Pamrscronun
1860 3667 2065 3755 1111111111,
2079 3667 2125 3738 ab
2139 3692 2234 3739 anno

590 3789 639 3869 B.
780 3792 886 3881 1247,
909 3795 1010 3888 (curn
1027 3790 1144 3863 insula
1161 3792 1334 3890 primum,
1351 3816 1398 3862 ex
1415 3790 1535 3887 aliqua
1551 3803 1664 3889 parte,
1682 3789 1872 3890 Norvegiae
1895 3788 2100 3862 monarchis
2125 3791 2235 3889 subji-

775 3918 942 4012 seretur)
965 3915 1010 3989 ad
1028 3942 1164 3988 annum
1186 3918 1292 3995 1752.

749 4049 786 4129 β.
811 4041 974 4115 Annales
992 4039 1314 4140 Nomophylacum
1332 4037 1512 4128 lslandiae,
1530 4038 1575 4110 ab
1593 4063 1688 4110 anno
1706 4038 1779 4110 930
1796 4034 1841 4108 ad
1859 4061 1995 4109 annum
2018 4038 2123 4117 1742.

750 4196 783 4261 γ.
809 4165 970 4238 Annales
993 4165 1275 4239 secretariorum
1293 4163 1376 4238 Fori
1394 4160 1581 4238 Generalis
1599 4159 1778 4251 Islandiae,
1796 4160 1841 4233 ab
1859 4159 1982 4234 Officii
2001 4160 2234 4237 Institutione

656 4375 657 4378 Ἴ
780 4289 868 4361 1631
891 4288 937 4362 111
954 4314 1092 4362 annum
1114 4287 1220 4367 1743.
2078 4295 2080 4300 '

753 4412 780 4484 δ.
808 4413 949 4486 Census
971 4415 1062 4510 (sive
1085 4411 1285 4508 Recensus)
1308 4413 1488 4485 Omnium
1506 4410 1699 4486 Certorum
1716 4409 1914 4484 Redituum
1933 4411 2181 4508 (Tributorum
2199 4429 2235 4490 et

778 4536 1024 4630 locariorum)
1049 4538 1190 4635 Regum
1219 4534 1360 4625 Daniae,
1385 4561 1431 4608 ex
1457 4535 1623 4610 universa
1648 4535 1817 4628 Islandia,
1839 4549 1969 4638 praeter
1993 4540 2235 4637 possessiones

780 4659 951 4735 Coenobii
976 4658 1206 4758 Videyensis,
1227 4675 1306 4734 tum
1332 4659 1378 4732 ab
1403 4659 1482 4758 ipso
1508 4659 1633 4732 insulae
1659 4659 1833 4735 Proefecto
1858 4660 2135 4754 administratas,
2154 4666 2234 4762 jam

780 4795 900 4857 autem
921 4781 1055 4882 praedia
1075 4783 1227 4881 regiain
1245 4781 1516 4883 Gullbringensi
1534 4796 1571 4854 et
1587 4783 1755 4857 Kiosensi
1771 4785 1975 4885 Toparchia
1997 4785 2235 4884 includentes,

780 4933 823 4980 ac
839 4919 969 5006 praeter
984 4905 1198 5007 pensionem
1217 4904 1444 4979 tributariam
1462 4905 1481 4977 ὲ
1497 4932 1535 4978 re
1551 4905 1676 4980 insulae
1698 4908 1921 5000 mercatoria,
1943 4911 2047 5007 (tunc
2063 4917 2234 5015 temporis

780 5032 874 5150 eirca
891 5030 1026 5120 20,000
1044 5027 1088 5102 ad
1106 5030 1241 5119 23,000
1257 5028 1461 5129 imperiales
1477 5027 1586 5128 prisci
1603 5030 1760 5128 valoris)
1784 5057 1878 5105 anno
1900 5032 1994 5111 1707
2005 5065 2016 5119 ;
2042 5038 2235 5139 praecipue,
