5150 6530
1097 769 1150 844 45

375 957 385 968 ⁵
407 1012 433 1053 ε.
459 978 776 1077 Nyungarnar:
805 974 827 1046 i.
845 1000 877 1047 e.
895 971 1082 1047 Novitatea
1112 971 1294 1068 (lalandiae
1317 973 1447 1070 allatae)
1475 973 1603 1074 Satyra
1621 973 1760 1051 famosa
1777 976 1887 1051 seculi
1906 985 2048 1050 Ocravo

431 1096 541 1172 medii
563 1095 645 1187 18r',
662 1108 700 1169 et
715 1096 821 1196 plura
837 1093 999 1193 ejusdem
1016 1093 1150 1167 farinoe.
1950 1072 2004 1135 ⁸¹⁰·

406 1236 433 1314 ζ.
457 1221 577 1296 Variae
594 1219 824 1320 lepidissima
841 1231 877 1292 at
893 1244 1068 1319 perquam
1086 1219 1239 1292 concisae
1255 1219 1414 1293 Fabulae.

406 1380 436 1438 η.
461 1345 632 1420 Thorlaci
648 1342 838 1418 Thorarini
855 1341 1140 1442 Danskylier,
1158 1343 1274 1436 (Aura
1289 1341 1505 1442 Saltatoria.)

404 1479 431 1546 θ.
456 1469 617 1544 Termini
634 1468 976 1554 Axarhamarenses,
993 1466 1129 1542 Poema
1144 1467 1338 1541 comicum.

405 1628 427 1667 ι.
452 1591 646 1666 Variorum
663 1589 978 1690 Epigrammatum
996 1588 1207 1688 Congeries.

405 1751 435 1791 κ.
460 1716 564 1792 Visio
579 1714 724 1789 Famosi
741 1713 928 1804 Poetastri,
944 1712 1087 1812 Vigfusi
1103 1711 1232 1803 Jonaei,
1254 1715 1379 1814 (vulgo
1396 1713 1668 1788 Leiruloekensis
1684 1715 1799 1816 dicti.)

405 1856 437 1912 λ.
463 1837 584 1910 Multo
599 1837 737 1910 Vatum
754 1836 953 1909 clarorum:
977 1833 1082 1909 Jonae
1103 1833 1268 1908 Stenonii
1290 1834 1514 1934 Bergmann,
1532 1835 1728 1935 Hallgrimi
1749 1837 1889 1929 Petraei,

429 1961 540 2035 Arnoe
569 1959 732 2050 Gislavii,
762 1957 975 2034 Gudmundi
1008 1956 1271 2057 Bergthoridis,
1304 1959 1444 2032 Rustici
1473 1958 1747 2052 Thorsteinidis,
1772 1961 1888 2035 Thor-

431 2085 553 2159 steinia
578 2082 896 2173 Sveinbioernonii,
914 2083 1018 2157 Jonae
1040 2081 1244 2173 Hialtalini,
1265 2081 1460 2156 Thorvaldi
1483 2081 1753 2174 Boedvarsonii,
1779 2085 1889 2181 (inter

431 2209 500 2284 alia
525 2209 793 2308 elegantissima
820 2208 937 2282 versio
964 2207 1109 2281 Messiae
1134 2205 1333 2281 Alexandri
1358 2206 1488 2306 Pope,)
1518 2207 1620 2280 Pauli
1642 2207 1760 2282 Jonaei
1785 2208 1888 2303 (dicti

430 2332 614 2431 Skaldi),
646 2332 861 2408 Bioernonis
891 2330 1020 2421 Jonaei,
1048 2330 1197 2405 Davidis
1222 2331 1351 2422 Jonaei,
1380 2331 1605 2406 Thorateinis
1636 2330 1888 2409 Gudmundini

430 2467 467 2528 et
481 2455 653 2554 plurium.

405 2612 442 2675 μ.
467 2579 743 2653 Testamentum
765 2578 937 2652 Ecclesia
956 2577 1184 2654 Cathedralis
1205 2577 1462 2653 Scalholtensis
1484 2576 1678 2674 (Mandato
1694 2580 1810 2679 Regio
1827 2581 1889 2654 ab·

430 2705 577 2802 rogatoe)
603 2704 709 2783 1796.

405 2861 429 2900 r.
455 2828 590 2925 Aliqua
606 2853 652 2902 ex
669 2828 836 2919 Horatio,
853 2826 999 2917 Ovidio,
1016 2838 1053 2900 et
1069 2825 1268 2926 Properti0,
1286 2824 1464 2899 Islandice
1480 2853 1593 2900 versa.

406 2953 437 3036 ξ.
462 2949 522 3023 Ad
545 2950 752 3042 Calamam,
769 2951 1041 3052 Prosopopoeia,
1058 2948 1198 3039 Latine,
1216 2974 1299 3021 curn
1323 2948 1486 3022 versione
1503 2947 1694 3022 lalandica.
1736 2948 1890 3044 (Omnia

432 3069 611 3143 rarissima
629 3082 665 3142 et
681 3069 844 3166 inedita.)

406 3353 437 3392 a.
463 3300 724 3393 Alaunium:
753 3318 776 3390 i.
795 3345 826 3391 e.
850 3317 1012 3392 Annales
1040 3317 1252 3408 cantiones,
1268 3319 1326 3392 vel
1350 3344 1414 3391 sex
1437 3317 1520 3391 libri
1546 3316 1591 3390 de
1615 3320 1781 3419 sextuplo
1805 3321 1889 3393 anni
1923 3298 2032 3402 118.

435 3441 555 3540 (quasi
581 3439 708 3514 Indico
737 3453 774 3514 et
807 3442 992 3516 Hebraico
1022 3444 1155 3541 more),
1182 3442 1375 3544 spiritualis
1408 3453 1544 3533 tamen,
1569 3441 1757 3535 divisione,
1784 3445 1891 3544 tripla
1951 3441 1999 3521 A.

433 3566 606 3639 nimirum
623 3577 758 3655 aestate,
776 3576 812 3637 et
828 3565 936 3664 tripla
952 3566 1098 3664 hyeme,
1117 3567 1183 3640 &a
1222 3567 1446 3640 Decantatur
1463 3579 1582 3640 autern
1601 3567 1749 3641 Piorum
1766 3569 1805 3641 in
1822 3569 1891 3642 hac

431 3692 506 3765 vita
518 3690 660 3789 hyems,
672 3687 735 3764 sed
750 3700 884 3762 aterna
898 3689 1055 3762 coelestis
1073 3703 1196 3776 testam
1215 3702 1264 3780 at,
1275 3690 1354 3764 vice
1368 3716 1481 3780 versa,
1492 3691 1695 3790 Impiorum
1708 3690 1893 3766 mundana

433 3827 548 3905 aestas,
563 3813 625 3887 aed
643 3814 795 3887 hiberna
807 3811 938 3886 infami
952 3813 1191 3903 conturbatio,
1207 3815 1273 3887 &c
1302 3813 1437 3887 Forma
1454 3815 1565 3889 seculi
1584 3813 1650 3887 16ti
1664 3815 1721 3912 (ut
1735 3814 1890 3913 videtur)

434 3937 653 4037 singularem
670 3935 857 4009 fictionem
874 3961 949 4008 non
964 3933 1112 4034 illepide
1129 3934 1317 4009 adornans.

407 4069 445 4148 β.
472 4060 753 4134 Krossrimur
775 4060 833 4134 vel
852 4057 1217 4133 Adams-Rimur:
1245 4060 1268 4133 i.
1286 4087 1317 4133 e.
1336 4059 1534 4160 Rythmica
1550 4060 1691 4134 Sanctae
1709 4059 1838 4135 Crucis
1856 4073 1893 4133 et

433 4182 566 4258 Adami
584 4211 729 4282 quoque
742 4183 916 4274 Historia,
930 4183 969 4257 in
985 4183 1146 4281 quinque
1163 4183 1273 4257 libros
1289 4183 1415 4274 divisa,
1430 4195 1574 4257 auctore
1587 4183 1742 4284 Sigurdo
1753 4183 1892 4275 Jonaeo,

433 4307 617 4406 quondam
649 4307 863 4394 Sacerdote3
899 4305 945 4380 de
973 4306 1111 4380 visione
1137 4305 1240 4382 Sethi
1267 4320 1304 4380 et
1333 4309 1411 4405 ejus
1441 4334 1525 4382 cum
1551 4309 1707 4408 Ange10,
1733 4308 1889 4383 Paradisi

435 4430 594 4521 custode,
612 4456 827 4530 congressu3
855 4430 985 4506 Crucis
1011 4429 1115 4530 Ligni
1141 4430 1278 4530 origine
1301 4457 1347 4505 ex
1368 4432 1509 4504 Arbore
1525 4431 1620 4507 Vitae
1637 4433 1695 4505 vel
1711 4431 1892 4524 Scientiae,

434 4575 495 4634 aut
511 4557 649 4633 nucleis
665 4557 722 4630 vel
740 4557 938 4630 seminibus
962 4556 1039 4653 ejus
1057 4555 1174 4646 Pomi,
1192 4556 1291 4654 quod
1306 4554 1427 4630 Adam
1450 4555 1641 4630 infeliciter
1664 4569 1889 4656 gustaverat3

435 4683 540 4782 Ligni
555 4679 717 4780 ejusdem
734 4681 839 4753 variis
855 4692 980 4781 postea
994 4681 1033 4753 in
1049 4679 1185 4754 Arabia
1201 4694 1238 4753 et
1253 4680 1380 4755 Judaea
1395 4679 1493 4753 Fatis
1511 4695 1548 4752 et
1563 4680 1764 4771 Miraculis,
1782 4682 1849 4754 &e

407 4833 440 4898 γ.
467 4799 906 4900 Spakmaela-Rimur,
932 4801 1253 4901 Philosopbemata
1277 4802 1425 4875 Poetica
1449 4799 1589 4875 duobus
1617 4802 1716 4874 libris
1743 4827 1892 4902 compo-

435 4926 514 5014 sita,
532 4951 553 4997 a
568 4924 664 5000 Jona
677 4923 944 5017 Thorsteinide,
958 4925 1162 5016 Sacerdote,
1182 4925 1362 5026 (Martyre
1379 4923 1493 5023 dicto)
1518 4925 1623 4998 1656.
1658 4923 1733 5019 (cf.
1751 4925 1817 4997 ΝΟ.
1831 4925 1892 5015 56,

433 5049 511 5140 76.)
