5150 6530
1047 771 1101 850 23

331 981 473 1056 thorem
499 977 695 1079 Brynjulfi‚
712 976 937 1077 Episcopum
960 971 1355 1076 Holensem-u-scriptoe
1377 999 1398 1050 a
1420 977 1654 1051 celeberrimo
1672 977 2001 1060 lohanneoumo.

333 1100 463 1176 Olario
479 1098 806 1197 (Grunnavicense)
825 1099 869 1176 17
870 1099 930 1171 50.
964 1098 1013 1170 Et
1030 1099 1096 1171 sub
1115 1097 1185 1171 alio
1201 1099 1327 1171 titulo:
1354 1097 1519 1174 Diatribe
1537 1125 1600 1173 seu
1613 1100 1842 1175 Consultatio

333 1224 378 1299 de
395 1225 511 1300 Libris
529 1238 566 1296 et
579 1221 868 1319 Antiquitatibus
891 1219 1080 1294 Islandicis
1104 1219 1219 1295 Praelo
1244 1221 1510 1296 submittendis.
1561 1223 1842 1325 Autographum

335 1349 524 1437 ineditum,
542 1345 633 1420 forte
649 1345 799 1420 unicum
811 1345 890 1442 jam
909 1345 1067 1418 existens
1084 1343 1283 1445 exemplar.

359 1473 434 1547 Hic
450 1472 600 1560 Auctor,
613 1471 708 1542 inter
726 1469 795 1543 alia
806 1468 914 1559 varia,
928 1466 1095 1566 disquirit
1107 1468 1153 1542 de
1167 1469 1367 1545 Literatura
1383 1473 1633 1571 antiquissima
1648 1473 1839 1560 historica3

334 1594 379 1670 de
397 1593 546 1668 historia
557 1591 650 1689 juris
665 1590 797 1664 vetusti
810 1589 1051 1680 lslandorum,
1065 1603 1102 1662 et
1116 1590 1222 1690 Legis
1235 1592 1490 1691 vulgatissimae
1503 1591 1704 1667 editionum
1717 1596 1842 1668 critico

334 1720 476 1802 valore;
502 1715 548 1790 de
575 1715 715 1814 scriptis
741 1713 967 1788 Islandorum
993 1714 1297 1814 praestantissimis
1317 1715 1496 1813 juridicis,
1524 1720 1694 1816 (quorum
1719 1718 1844 1795 omnia

335 1840 474 1940 optima
495 1838 534 1914 in
558 1848 717 1912 nostram
740 1835 1068 1935 manuscriptorum
1093 1835 1344 1910 collectionem
1367 1847 1544 1909 venerunt
1554 1839 1581 1933 z)
1609 1859 1694 1910 cum
1718 1837 1843 1912 multis

336 1964 426 2052 aliia,
449 1961 581 2063 partim
604 1961 764 2059 alioquin
786 1961 931 2060 ignotis,
948 1958 993 2032 ad
1016 1959 1203 2034 historiam
1226 1959 1392 2033 Islandioe
1414 1960 1607 2036 literariam
1631 1961 1844 2060 pertinenti-

336 2090 415 2161 bus.
467 2087 575 2160 Plura
590 2085 760 2160 Auctoris
777 2085 927 2158 consilia
950 2111 992 2158 ac
1013 2085 1075 2184 pia
1095 2099 1179 2158 vota
1201 2082 1247 2157 de
1270 2083 1369 2158 libris
1390 2082 1538 2157 edendis
1556 2111 1598 2158 ac
1614 2083 1846 2159 Bibliotheca

335 2211 483 2311 publica
499 2210 538 2282 in
554 2206 713 2283 Islandia
729 2207 910 2307 erigenda,
927 2221 1051 2280 nostro
1065 2220 1228 2308 ternpore
1244 2209 1405 2309 perfecta
1421 2209 1589 2285 vidimus.

314 2457 552 2533 Tnonsrmnr
573 2453 715 2544 Petraei,
733 2452 887 2527 Parochi
910 2453 1240 2546 Stadarbackensis,
1258 2455 1482 2556 amplissima
1506 2456 1673 2532 Islandioe
1697 2457 1846 2532 historia
1887 2433 1968 2533 65.

338 2581 504 2670 literaria,
521 2579 733 2654 continens:
1873 2571 1921 2652 Β.
1942 2570 1993 2651 D.

363 2739 395 2777 a.
421 2705 616 2803 Prologum
633 2702 840 2803 specialem,
858 2727 942 2778 eum
960 2705 1097 2778 incerta
1112 2701 1377 2805 ichnographia
1392 2704 1549 2778 historiae
1567 2703 1767 2779 lalandicoe.

363 2835 399 2915 β.
426 2827 688 2926 Prolegomena
700 2825 744 2899 de
762 2826 900 2927 origine
914 2840 951 2900 et
966 2829 1085 2927 primo
1101 2853 1292 2928 progressu
1309 2828 1359 2901 rei
1378 2827 1554 2919 literariae‚
1567 2831 1749 2929 praecipue
1763 2831 1847 2906 artis

388 2948 581 3039 scribendi,
598 2948 662 3022 ubi
685 2947 778 3022 inter
800 2949 870 3022 alia
893 2949 1004 3023 literae
1027 2947 1176 3040 Graecae,
1192 2949 1513 3041 Moeso-Gothicae‚
1530 2962 1568 3023 et
1586 2951 1713 3051 prisca
1734 2952 1848 3026 lalan-

391 3072 480 3150 dicae
503 3074 717 3172 (praeaertim
734 3073 916 3170 Runicoe),
932 3091 1166 3149 recensentur
1186 3088 1223 3149 et
1246 3075 1494 3174 disquiruntur
1508 3109 1518 3163 ;
1546 3077 1664 3177 agitur
1678 3105 1787 3178 porro
1803 3078 1848 3153 de

388 3197 516 3296 primis
534 3196 738 3270 auctoribus
760 3197 951 3297 Norvegiae
972 3214 1009 3272 et
1032 3200 1172 3290 Daniae,
1190 3226 1274 3273 cum
1298 3201 1399 3274 brevi
1416 3225 1541 3276 eorum
1558 3225 1753 3301 regnorum
1769 3204 1849 3278 lite-

390 3333 518 3394 raturae
534 3319 828 3419 conspectu-de
845 3321 987 3422 Lingua
999 3323 1179 3397 lalandica
1195 3337 1232 3397 et
1249 3324 1326 3421 ejus
1342 3325 1545 3426 corruptela
1561 3325 1754 3399 avertenda
1772 3328 1837 3400 &c

365 3479 399 3545 γ.
425 3448 553 3546 Ipsum
570 3469 673 3545 opus,
690 3471 764 3544 quo
780 3447 837 3520 hae
854 3447 1030 3520 sectiones
1048 3449 1300 3522 continentur:

420 3573 452 3644 l.
476 3569 534 3644 De
548 3569 670 3642 Prima
686 3569 960 3670 Septentrionis,
971 3597 1014 3646 ac
1029 3573 1211 3671 praecipue
1227 3572 1395 3648 islandia
1408 3573 1608 3647 literatura
1624 3587 1661 3647 et
1676 3574 1848 3648 Literato

442 3694 553 3783 ribus,
570 3717 684 3790 usque
701 3692 747 3766 ad
763 3693 987 3796 Reipublicae
1003 3695 1189 3769 interitum
1211 3697 1317 3770 1262.

417 3819 452 3890 2.
478 3818 536 3890 De
552 3815 781 3894 Secularibus
799 3817 1040 3917 Scriptoribus
1058 3820 1199 3894 serioris
1215 3821 1293 3896 aevi.

324 3947 337 3966 '
418 3944 453 4014 3.
480 3941 536 4014 De
554 3940 705 4040 Scriptis
724 3940 950 4016 Clerieorum
968 3943 1057 4036 (sive
1073 3944 1370 4046 Theologorum.)

416 4067 453 4140 4.
479 4065 537 4140 De
553 4063 673 4140 Poetis
690 4063 820 4139 Sacris.

418 4190 529 4279 5-9,
550 4189 607 4278 ll,
629 4189 685 4262 12.
710 4189 768 4262 De
790 4187 981 4289 Episcopis
1003 4189 1205 4281 lalandicis,
1221 4203 1263 4263 ut
1285 4193 1337 4266 rei
1359 4192 1523 4266 literaria
1543 4217 1589 4265 ex
1609 4191 1730 4267 officio
1745 4217 1849 4294 cory-

443 4314 560 4415 pheis‚
571 4325 679 4411 atque
691 4339 817 4388 eorum
831 4313 876 4387 de
888 4315 1020 4388 Insulae
1032 4313 1233 4389 eruditione
1246 4316 1395 4390 meritis.
1432 4316 1710 4418 (Episcoporum
1728 4317 1849 4392 haecce

442 4439 665 4538 biographiae
690 4437 837 4512 diversae
860 4450 948 4512 sunt
971 4465 992 4512 a
1013 4438 1116 4513 Jonoe
1141 4437 1338 4530 Halthorii‚
1361 4439 1470 4514 Finni
1486 4440 1677 4515 Johannoei
1702 4453 1739 4514 et
1764 4441 1850 4514 alio-

443 4590 537 4638 rum.
587 4563 683 4639 Vitae
706 4564 947 4637 recentiorum
974 4566 1025 4660 (et
1049 4563 1352 4638 Scalholtensium
1380 4577 1417 4637 et
1442 4563 1676 4662 Holensium)
1699 4563 1849 4665 Episco-

443 4713 573 4787 porum
597 4713 671 4761 non
696 4699 781 4760 aunt
806 4689 851 4762 ab
882 4687 925 4761 iis
950 4685 1160 4785 descriptae3
1195 4700 1249 4760 est
1275 4687 1385 4787 igitur
1409 4714 1500 4788 opus
1532 4686 1603 4763 hoc
1629 4715 1673 4762 eo
1701 4689 1849 4762 nomine

444 4810 559 4911 magis
577 4811 827 4914 completum.)

426 4935 481 5008 10.
508 4936 564 5009 De
581 4935 839 5036 Typogrnphia
855 4932 1035 5008 Islandica
1052 4935 1123 5029 (vel
1138 4934 1219 5032 ejus
1236 4935 1412 5038 Historia)
1436 4940 1473 5012 ll
1496 4950 1533 5012 et
1554 4941 1610 5030 lu,
1626 4939 1708 5013 vide
1723 4966 1843 5041 supra.

426 5053 481 5126 13.
515 5053 572 5127 De
600 5054 740 5130 Ultima
764 5053 1020 5130 AEdilioatione
1045 5056 1189 5160 Templi
1219 5055 1448 5134 cathedralis
1472 5059 1656 5151 Holensis,
1688 5061 1749 5160 (ab
1774 5059 1850 5134 aliis
