5150 6530
1342 635 1396 710 44

447 848 586 910 Ocravo
681 838 802 939 gestis,
819 852 895 911 tam
913 838 952 910 in
968 837 1221 938 septentrione
1240 837 1417 929 universo,
1435 863 1544 936 quam
1561 837 1861 913 Meridionalibus
1876 838 2008 913 Terris.
2061 841 2143 938 (Est

489 932 541 995 &⁰¹
681 961 830 1060 quidem
853 962 892 1034 in
915 961 1043 1036 Svecia
1065 987 1111 1033 ex
1136 962 1214 1035 aliis
1239 961 1423 1036 codicibus
1447 961 1554 1054 edita,
1579 975 1616 1036 at
1640 962 1894 1037 tantummodo
1919 964 1958 1036 in
1982 964 2143 1065 linguam

684 1085 883 1176 Svecicam,
908 1113 973 1186 per
1006 1085 1213 1186 Lilliegren,
1240 1100 1277 1160 et
1303 1086 1495 1177 Danicam,
1523 1113 1545 1160 a
1572 1087 1618 1162 C.
1642 1086 1687 1162 C.
1713 1086 1820 1177 Rafn,
1848 1091 1976 1184 versa.)
2032 1088 2091 1164 Cf.
2121 1091 2145 1163 8

681 1209 784 1283 infra.

537 1385 545 1401 .
658 1337 694 1406 5.
719 1332 940 1407 Starcatheri
957 1331 1201 1406 vetustissima
1218 1331 1403 1408 Carmina.

540 1524 548 1540 ,
660 1459 693 1530 6.
721 1455 919 1532 Cantiones
962 1455 1089 1528 Ketilli
1132 1455 1279 1556 Haengi,
1319 1454 1475 1533 Gentilis
1517 1457 1691 1557 Norvegi,
1733 1473 1770 1530 et
1811 1458 2144 1558 Contemporaneo-

685 1606 777 1654 rum.

541 1779 549 1794 ,
658 1706 694 1785 7.
721 1704 922 1781 Cantilenae
948 1703 1066 1780 Grimi
1093 1702 1314 1778 Lodinkinni
1340 1718 1377 1778 et
1400 1705 1552 1778 aliorum
1576 1705 1738 1803 ejusdem
1762 1708 1851 1792 aevi3
1879 1718 2005 1781 extant
2034 1710 2146 1806 (utet

684 1829 868 1902 cantiones
892 1827 1151 1929 praecedentes)
1177 1828 1360 1928 impressae
1383 1842 1420 1901 et
1443 1829 1571 1902 Latine
1587 1857 1697 1904 versae
1715 1829 1753 1902 in
1770 1831 1878 1904 unica
1894 1842 1931 1903 et
1955 1831 2146 1921 rarissima,

685 1951 748 2026 sed
770 1953 983 2052 pravissima
1001 1952 1121 2042 simul,
1139 1951 1296 2026 editione
1317 1953 1401 2028 Olai
1422 1951 1640 2044 Rudbeclrii,
1659 1954 1818 2056 Upsalioe
1840 1956 1945 2034 1697.
1986 1954 2146 2053 [Danica

685 2076 873 2150 translatio
891 2104 912 2149 a
929 2076 974 2151 C.
991 2076 1035 2151 C.
1053 2075 1149 2150 Rafn
1165 2075 1300 2176 prodiit
1316 2078 1442 2173 1826]

543 2253 550 2268 .
661 2201 696 2274 8.
722 2199 821 2275 Oddi
839 2199 1020 2300 Sagittarii
1038 2213 1075 2273 et
1093 2200 1309 2276 Coaevorum
1328 2201 1594 2276 Cantiunauloe.
1640 2201 1758 2297 (01.4
1778 2202 1914 2302 supra.)

542 2389 549 2404 .
661 2326 696 2398 9.
721 2325 806 2398 Tria
821 2323 1122 2398 Praestantissima
1137 2324 1305 2398 Ethnicoe
1322 2325 1575 2425 Norvegorum
1593 2325 1746 2398 Poeseos
1763 2325 1993 2425 Fragmenta,
2011 2350 2057 2397 ex
2074 2324 2148 2398 his-

684 2447 797 2522 torica
818 2448 1019 2522 narratione
1043 2447 1193 2545 antiqua
1213 2461 1250 2521 et
1270 2446 1417 2537 inedita,
1435 2446 1480 2520 de
1497 2446 1659 2520 Haraldo
1682 2448 1949 2538 Pulchricomo,
1968 2447 2077 2521 seculi
2096 2448 2147 2522 9¹¹i

686 2574 890 2648 Monarcha
907 2588 944 2646 et
959 2575 1037 2672 ejus
1054 2574 1207 2647 Aulieis.

503 2691 551 2772 A.
667 2703 723 2774 10.
750 2699 856 2774 Gislii
874 2700 1049 2788 Sursonii,
1067 2698 1199 2772 Herois
1216 2696 1349 2798 pagani
1367 2694 1533 2770 lalandiae
1553 2698 1640 2793 (sec.
1660 2693 1772 2793 10125),
1790 2696 1949 2771 Carmen
1970 2694 2015 2768 de
2032 2696 2145 2796 ipsius

686 2825 785 2898 Fatis
803 2850 845 2896 ac
860 2823 1083 2898 Visionibus.
1124 2822 1377 2914 (Rarissimam
1395 2834 1432 2893 et
1449 2818 1653 2917 ineditum.)

507 2943 554 3023 A.
668 2950 724 3021 ll.
749 2949 897 3037 Versus,
915 2945 1035 3045 quoad
1052 2947 1266 3046 scripturam
1283 2962 1320 3018 at
1335 2946 1456 3034 verba,
1471 2942 1680 3018 archaismis
1698 2954 1888 3033 scatentes,
1906 2944 1980 3042 qui,
1998 2943 2148 3044 inpelle

686 3073 743 3144 vel
760 3073 972 3145 membrana
988 3071 1103 3170 ignoti
1125 3071 1265 3170 generis
1284 3070 1420 3170 scripti,
1437 3083 1479 3143 ut
1497 3069 1631 3158 ferunt,
1648 3069 1785 3142 inventi
1801 3069 1900 3142 fuere
1916 3071 1957 3142 in
1973 3070 2148 3144 Promon-

687 3190 780 3262 torio
796 3189 972 3289 Skagensi
990 3190 1142 3264 borealis
1161 3189 1340 3282 Islandiae,
1354 3203 1527 3290 regnante
1541 3189 1682 3289 Magno
1699 3189 1943 3289 Lagabretero,
1958 3191 2148 3292 Norvegiae

688 3317 801 3415 Rege,
819 3315 907 3407 (sec.
924 3315 1074 3413 xnlffi.)

476 3545 586 3656 117.
616 3564 833 3639 Coanacrro
854 3588 1238 3639 aanonnrrssrnonun
1262 3587 1512 3638 nacanrronrs
1536 3563 1728 3638 Ismnnrn:
1751 3563 1971 3638 Potamon
1990 3562 2150 3660 (divisio-

474 3686 512 3766 A
542 3684 590 3764 E.
639 3714 703 3760 nes
727 3688 864 3761 habens
889 3714 1040 3762 numero
1056 3690 1133 3784 72),
1151 3689 1297 3789 propria
1319 3689 1428 3762 Firmi
1452 3688 1611 3788 Magnaei
1636 3714 1746 3762 manu
1769 3686 1960 3787 diligenter
1985 3699 2022 3759 et
2044 3714 2150 3761 accu-

640 3828 714 3884 rate
732 3823 897 3885 exarata:
924 3811 985 3884 hic
1002 3811 1096 3884 inter
1112 3813 1201 3885 alia:

666 3968 697 4006 a.
715 3934 826 4009 Varia
843 3934 1066 4008 celeberrimi
1082 3935 1186 4009 Jonae
1202 3936 1465 4027 Thorlaesonii,
1483 3934 1646 4031 (Miltoni
1665 3932 1891 4032 Interpretis)
1914 3934 1990 4007 scil.
2003 3935 2150 4010 Fabulae

692 4057 856 4155 quaedam
883 4057 1046 4150 Gellerti,
1072 4071 1108 4134 et
1134 4059 1288 4159 Biirgeri
1314 4059 1478 4133 Lenardo
1504 4073 1540 4134 et
1561 4058 1791 4149 Blandine,e
1814 4057 2034 4135 Germanico
2060 4062 2150 4136 idio-

693 4193 789 4253 mate
812 4181 990 4255 lalandice
1011 4209 1294 4275 versae,neonon
1314 4184 1433 4282 aliqua
1453 4184 1652 4284 originalia,
1670 4196 1711 4256 ut
1734 4183 1788 4256 sui
1811 4183 1923 4283 ipsius
1946 4184 2150 4260 Delineatio

693 4305 760 4377 &e

668 4435 705 4514 β.
731 4425 834 4501 Visio
853 4427 983 4527 (ignoti
1002 4430 1171 4528 auctoris)
1189 4430 1235 4504 de
1249 4432 1421 4522 Milt0n0,
1435 4432 1546 4532 pope,
1564 4443 1600 4504 at
1615 4431 1710 4505 Jona
1721 4433 1993 4506 Thorlaeaonio.

669 4586 702 4651 γ.
730 4552 966 4628 Celeberrimi
985 4553 1167 4628 Gunnaris
1188 4557 1291 4629 Pauli
1308 4557 1527 4630 Eneomium
1547 4553 1742 4647 Gunnaris,
1759 4556 2057 4632 Hlidarendansis
2074 4561 2151 4634 He-

695 4678 765 4750 rois
783 4688 820 4749 et
837 4675 906 4749 alia
922 4675 1084 4772 ejusdem
1103 4679 1268 4753 auctoris.

538 4809 541 4814 '
671 4803 697 4874 l.
724 4799 900 4875 Svenonis
918 4799 1091 4875 Soelviani
1113 4803 1279 4896 (celebris
1296 4801 1565 4901 Jurisoonsulti)
1586 4801 1730 4878 Chorea
1747 4802 1946 4901 Equestris,
1961 4804 2155 4897 (Driisul-

697 4923 830 5018 dana)
