5150 6530
1114 765 1163 839 13

444 964 647 1063 chaeologos
662 980 699 1037 et
718 965 921 1038 Historicos
939 965 1103 1040 habetur.
1145 967 1344 1066 Exemplar
1361 979 1556 1059 vetustum,
1572 971 1737 1069 plurimis
1755 973 1846 1062 aliis,
1862 977 2063 1054 thusaro.

444 1091 596 1180 videtur,
615 1091 851 1191 completius:
877 1090 1029 1164 Inedita.

419 1225 455 1302 β.
474 1215 768 1291 Commentarius
782 1215 820 1288 in
834 1214 933 1288 Libri
949 1215 1087 1315 Legum
1099 1217 1279 1308 Islandia,
1290 1217 1378 1291 dicti
1395 1218 1530 1292 Mann
1553 1219 1683 1320 helgi,
1705 1223 1822 1318 (sacra
1838 1224 1904 1297 ho-
1966 1209 2012 1289 B·

443 1340 551 1415 minis
563 1341 647 1438 jura
659 1333 714 1414 vel
732 1340 947 1440 privilegia,)
965 1341 1088 1442 Caput
1101 1341 1309 1416 Secundum
1325 1341 1385 1436 (de
1400 1343 1612 1417 criminibus
1627 1345 1853 1446 capitalibus,
1868 1364 1905 1421 et

443 1465 597 1539 ethnicis
615 1462 1140 1564 superstitionibus-allegatis
1167 1466 1421 1539 celebrioribus
1444 1467 1582 1565 aliquot
1604 1468 1770 1542 Islandiae
1788 1472 1904 1544 causis

442 1590 654 1663 forensibus.
705 1588 866 1661 Auctore
884 1587 1045 1661 Haldore
1060 1588 1324 1689 Thorbergino,
1342 1591 1429 1663 olim
1441 1590 1567 1688 judice
1584 1592 1796 1692 provinciali
1814 1594 1904 1668 Ska-

444 1712 670 1814 gafiordensi.
723 1711 886 1785 Ineditus
912 1725 948 1784 et
973 1713 1185 1786 rarissimus.
1240 1714 1388 1807 (Primis
1415 1715 1557 1814 paginis
1583 1715 1691 1812 hujus
1718 1743 1904 1790 commen-

442 1839 536 1928 tarii,
554 1839 592 1910 iu
610 1835 772 1936 margine
789 1835 968 1926 inferiore,
987 1848 1071 1908 sunt
1088 1835 1218 1910 additae
1236 1839 1422 1912 sententiae
1440 1865 1485 1910 ex
1503 1839 1659 1937 antiquis
1678 1839 1902 1914 lslandorum

444 1964 601 2039 historiis
618 1974 656 2036 et
672 1962 761 2052 aliis,
778 1961 1020 2034 verisimiliter
1037 1987 1058 2033 a
1074 1961 1230 2051 librario,
1249 1989 1323 2035 non
1340 1963 1513 2060 auctore.)

369 2254 401 2292 a.
426 2217 683 2290 Tnonsrams
707 2209 881 2309 Magnaei,
906 2209 1130 2282 celeberrimi
1154 2211 1208 2282 sui
1237 2210 1410 2308 temporis
1428 2210 1683 2284 Jurisconsulti
1708 2211 1905 2285 Illustratio
1950 2187 2029 2285 23.

394 2344 557 2416 locorum
574 2335 815 2411 difficiliorum
834 2335 957 2434 legum
974 2332 1247 2424 Islandicarum,
1266 2333 1386 2408 addita
1402 2335 1514 2434 ipsius
1539 2336 1717 2410 sententia
1737 2336 1782 2409 de
1798 2337 1904 2410 variis
1963 2324 2011 2404 Α.

395 2491 518 2540 earum
537 2461 694 2536 articulis
711 2457 993 2532 determinandis
1015 2469 1052 2530 et
1073 2457 1308 2531 emendandis
1333 2458 1476 2557 (1627)
1528 2459 1733 2550 Accedunt,
1751 2467 1789 2551 β,
1805 2460 1905 2533 Ana-

395 2592 488 2663 lecta
510 2585 674 2685 quaedam
699 2610 719 2654 e
736 2583 819 2680 jure
845 2580 1025 2655 Islandico
1042 2594 1090 2672 et,
1107 2615 1140 2679 7,
1164 2583 1327 2656 Vetustae
1343 2582 1539 2656 Sententiae
1555 2582 1601 2656 de
1617 2583 1773 2684 periodis
1790 2585 1904 2657 aetatis

396 2714 576 2799 humanae,
594 2721 630 2781 et
647 2733 878 2780 numerorum
898 2705 1085 2780 rarissimis
1103 2705 1469 2780 denominationibus.
1507 2707 1706 2807 Exemplar
1722 2719 1904 2782 vetustum

396 2851 432 2909 et
450 2847 614 2909 accurate
634 2832 829 2930 scriptum:
859 2828 1011 2904 Inedita.

370 3088 582 3163 Esusnuu
601 3079 810 3157 Christiana
827 3091 864 3151 et
878 3079 1090 3152 Necessaria
1101 3079 1309 3169 Paraenesis,
1324 3079 1369 3152 ad
1381 3079 1529 3154 ludices
1542 3082 1743 3180 superiores
1760 3093 1797 3152 et
1814 3080 1905 3153 infe·
1949 3060 2030 3156 24.

395 3211 504 3285 riores
527 3209 566 3281 in
586 3203 756 3294 Islandia,
773 3216 815 3275 ut
837 3216 942 3276 caute
958 3216 1095 3277 veteres
1119 3205 1393 3278 constitutiones
1411 3207 1619 3295 immutent,
1636 3206 1692 3278 vel
1712 3205 1810 3295 alias,
1828 3231 1904 3278 eas·
1965 3196 2014 3276 Α.

395 3361 466 3434 que
490 3329 718 3417 recentiores,
735 3328 778 3400 iis
802 3340 1042 3426 anteponant;
1070 3326 1133 3400 ubi
1157 3327 1322 3425 quaedam
1347 3327 1545 3402 decisiones
1570 3329 1905 3429 Nomophylacum,

396 3474 432 3532 et
456 3455 625 3555 Collegii,
643 3451 740 3550 quod
763 3478 809 3525 ex
828 3451 988 3524 Pedariis
1007 3465 1160 3543 constat,
1176 3465 1214 3525 et
1231 3453 1490 3528 Praetorianum
1509 3480 1530 3526 a
1547 3453 1763 3551 quibusdam
1789 3454 1906 3526 nomi-

396 3599 502 3660 natur
517 3581 636 3680 (armis
655 3581 761 3668 1481,
786 3579 892 3667 1579,
911 3579 1017 3666 1596,
1034 3579 1141 3666 1632,
1159 3579 1304 3652 1644111
1321 3581 1430 3674 1563)
1452 3580 1519 3652 sub
1536 3605 1691 3652 examen
1708 3592 1904 3662 uocantum

396 3729 480 3778 cum
507 3701 621 3775 tribus
647 3695 885 3800 postscriptis,
913 3709 1020 3793 atque
1046 3697 1154 3770 affixa
1178 3700 1411 3772 translatione
1438 3698 1618 3774 Islandica
1643 3700 1751 3800 Regis
1779 3699 1904 3774 Chris-

394 3829 483 3903 tiani
500 3827 546 3898 1ιί
563 3821 839 3898 introductionis
863 3821 901 3893 in
924 3820 1036 3920 ipsius
1059 3821 1156 3921 leges
1180 3823 1413 3923 Norvegicas,
1432 3825 1477 3898 ab
1500 3851 1594 3898 anno
1617 3825 1722 3897 1608.
1768 3823 1904 3896 Exem-

394 3956 474 4056 plar
491 3951 684 4052 optimum,
701 3974 813 4020 manu
829 3945 964 4020 laudati
980 3946 1084 4019 Jonoe
1101 3946 1265 4019 Martinii
1284 3949 1438 4022 Havniae
1456 3960 1664 4022 exaratum:
1691 3945 1887 4020 Ineditum.

369 4198 554 4273 Esusnsru
576 4192 810 4291 Disquisitio:
838 4192 970 4265 “Num
988 4192 1193 4291 probabiles
1210 4206 1353 4266 tanturn
1366 4195 1415 4267 ob
1432 4193 1599 4282 rationes,
1613 4193 1687 4264 ullo
1704 4190 1814 4265 modo
1831 4193 1905 4266 vita
1949 4183 2029 4280 25

394 4322 475 4419 quis
498 4317 628 4419 privari
655 4314 786 4388 debeat
794 4315 832 4388 ?’'
865 4315 1021 4389 Necnon
1045 4314 1090 4388 de
1107 4315 1397 4413 juramentorum
1421 4342 1520 4388 mera
1541 4314 1807 4415 probabilitate,
1829 4316 1903 4391 sive
1963 4320 2015 4400 Α,

395 4442 607 4518 credulitate
629 4439 862 4514 fundatorum
887 4440 1068 4513 levissimo
1091 4441 1222 4513 valore.
1262 4441 1461 4540 Exemplar
1477 4453 1672 4530 vetustum,
1691 4466 1733 4512 ac
1757 4441 1902 4538 reliquis

394 4563 559 4663 plurimis
577 4560 791 4636 correctius:
818 4559 971 4635 Inedita.

369 4811 553 4885 Erusonu
590 4808 803 4882 Dissertatio
843 4808 888 4880 de
928 4809 1199 4909 Subscriptione
1235 4825 1272 4883 et
1309 4811 1498 4886 Consensu
1536 4813 1899 4912 Consanguineorum
1947 4810 2025 4909 26

393 4932 655 5034 proximorum,
672 4932 710 5005 in
727 4931 872 5022 tabulis,
892 4958 973 5030 quoe
996 4935 1182 5008 continent
1204 4935 1475 5009 translationem
1500 4935 1650 5010 dominii
1671 4934 1899 5036 praediorum,
1960 4948 2009 5029 Α,

393 5059 432 5131 in
448 5057 574 5157 primis
592 5057 836 5156 gentiliorum,
858 5058 975 5144 1648;
1003 5085 1086 5133 cum
1105 5059 1334 5160 postseripto.
1377 5060 1655 5160 Autographum
1673 5060 1862 5134 ineditum.
