5150 6530
1396 742 1446 817 18

494 947 644 1022 Quaero.
679 955 821 1028 Malleti
838 967 875 1026 et
891 953 1043 1027 aliorum
1060 953 1105 1036 de
1122 980 1206 1028 vero
1222 954 1378 1055 antiqua
1393 954 1600 1030 Vinlandiae
1618 955 1688 1028 situ
1705 957 1919 1054 conjectura
1937 956 2185 1050 emendantur,

680 1103 793 1178 quum
815 1080 845 1156 is
869 1079 908 1152 in
930 1078 1036 1153 Nova
1058 1079 1193 1179 Anglia
1214 1081 1437 1180 reperiatur,)
1466 1081 1605 1156 Latine.
1656 1082 1947 1183 Autographum.
1989 1084 2186 1185 Exemplar

680 1205 830 1286 unicum
842 1204 922 1301 jam
939 1204 1108 1278 existens.
1147 1204 1376 1302 (Ineditum.)

531 1425 613 1525 49.
658 1452 829 1526 Srurrn
854 1452 1010 1526 Annall
1039 1480 1106 1527 um
1133 1453 1301 1527 Islands
1327 1455 1437 1530 AEfi:
1465 1455 1635 1530 “Breves
1652 1455 1813 1529 Annales
1829 1454 1914 1530 AEvi
1932 1456 2186 1533 Islandire”-e

511 1563 559 1644 B.
582 1562 634 1644 D.
683 1577 968 1677 Flateyensibus,
995 1578 1317 1671 Scalholtensibus,
1344 1579 1589 1671 Oddensibus,
1612 1593 1650 1654 et
1678 1581 1801 1654 multis
1825 1579 1902 1654 aliis
1932 1581 2186 1655 recentioribus

685 1701 836 1792 collecti,
854 1703 916 1777 ubi
933 1703 1116 1806 praecipua
1131 1705 1241 1778 totius
1265 1705 1527 1805 Septentrionis
1544 1717 1581 1777 ct
1597 1705 1794 1804 proesertim
1810 1703 1977 1778 Islandiae
1994 1705 2187 1779 recitantur

682 1839 822 1916 eventa,
837 1854 857 1900 a
870 1841 956 1902 nato
970 1828 1132 1903 Haraldo
1147 1830 1413 1920 Pulchricomo,
1425 1831 1477 1904 Α0
1490 1831 1560 1904 852
1577 1830 1649 1927 (vel
1664 1831 1752 1925 853)
1767 1827 1812 1904 ad
1825 1855 1962 1903 annum
1977 1830 2066 1902 1431
2088 1832 2187 1925 (curn

682 1949 794 2024 Jonas
811 1950 1033 2043 Gerrichius,
1051 1953 1355 2030 Scalholtensium
1372 1954 1588 2054 Episcopus,
1601 1979 1647 2026 ex
1660 1953 1807 2052 Anglia,
1819 1952 2066 2028 Hibernorum
2084 1955 2189 2027 satel-

685 2073 762 2148 litio
788 2077 952 2175 stipatus,
970 2076 1284 2152 advenisset-sed
1303 2076 1415 2150 Jonas
1438 2076 1627 2167 vilhelmi,
1654 2077 1840 2177 (Anglus,)
1860 2077 2080 2150 Holensium
2101 2079 2188 2178 Epi-

685 2222 815 2295 scopus
832 2196 1035 2297 Anglorum
1057 2211 1094 2271 et
1116 2198 1342 2272 Islandorum
1367 2199 1407 2272 in
1432 2199 1566 2272 borcali
1591 2198 1716 2272 insulae
1732 2209 1834 2296 parte
1851 2209 2015 2270 cruentas
2035 2221 2188 2295 pugnas,

685 2345 748 2393 sua
776 2321 1047 2419 peregrinorum
1080 2322 1305 2421 protectione
1336 2323 1467 2396 finiret.
1529 2322 1689 2397 Auctore
1718 2321 1857 2420 Magno
1888 2319 2031 2410 Olavio,
2061 2321 2190 2394 ultimo

686 2440 963 2539 Nomophylace
987 2441 1165 2533 Islandiae,
1178 2443 1255 2516 filio
1272 2443 1356 2517 Olai
1374 2442 1560 2543 Gunlogii,
1577 2457 1614 2515 et
1634 2442 1742 2514 fratre
1764 2438 1988 2540 Eggerhardi
2011 2438 2131 2513 Olavii
2154 2451 2190 2511 et

682 2562 860 2638 Johannis
891 2565 1010 2642 Olavii
1034 2567 1202 2664 junioris,
1236 2571 1319 2665 (ceu
1348 2567 1690 2668 Hypnonesiensis,)
1725 2566 1787 2663 qui
1815 2566 1908 2640 inter
1937 2564 2188 2638 celeberrimos

684 2688 849 2764 Islandiae
867 2691 1056 2790 scriptores
1076 2691 1267 2765 habentur.
1319 2692 1625 2792 (Autographum,
1649 2703 1755 2788 atque
1775 2690 1924 2764 unicum
1943 2689 2101 2763 existens
2127 2715 2190 2766 ex-

686 2812 853 2911 emplar.)

738 2936 906 3032 (Addidit
927 2939 1066 3014 Finnus
1083 2942 1289 3044 Magnusen
1312 2946 1351 3019 in
1374 2947 1535 3046 margine
1550 2961 1653 3020 notas
1671 2944 1844 3043 quasdam
1865 2944 2137 3044 chronologicas
2153 2959 2189 3018 et

760 3063 875 3160 alias.)

536 3292 617 3390 50.
660 3308 873 3385 Auunnrun
891 3312 929 3385 in
947 3314 1105 3390 lalandia
1120 3316 1271 3417 farrago,
1289 3318 1477 3394 hincinde
1494 3318 1684 3419 descripta,
1701 3320 1746 3394 ab
1764 3346 1859 3394 anno
1880 3320 1973 3394 1106
1991 3319 2036 3393 ad
2053 3347 2189 3396 annum

515 3429 562 3513 Β.
584 3429 635 3514 1).
691 3435 796 3525 1637,
817 3438 916 3532 (curn
932 3441 1158 3537 pustularum
1184 3444 1341 3532 morbus,
1358 3469 1380 3518 a
1396 3444 1573 3518 Britanno
1596 3442 1753 3542 quodam
1773 3444 1950 3543 piscatore
1967 3444 2006 3518 in
2024 3445 2188 3520 lalandiae

685 3557 945 3634 occidentalem
974 3579 1116 3663 partem
1142 3567 1273 3656 illatus,
1304 3595 1370 3668 per
1402 3569 1557 3642 insulam
1591 3582 1705 3644 totam
1735 3573 1979 3670 grassaretur.)
2031 3570 2188 3646 Auctore

686 3709 805 3756 cooevo
823 3682 947 3759 Gislao
965 3686 1063 3761 Oddi
1083 3690 1283 3790 (Episcopo
1300 3692 1551 3783 Scalholtensi,
1566 3717 1661 3768 anno
1684 3695 1776 3768 1638
1793 3693 1876 3768 fatis
1893 3693 2093 3791 defuncto.)
2121 3696 2188 3769 La·

684 3807 783 3894 tine;
811 3809 958 3886 inedita.
992 3811 1284 3915 Autographum,
1303 3830 1410 3914 atquc
1427 3819 1612 3918 exemplar
1630 3822 1774 3918 (praeter
1791 3817 1840 3908 id,
1854 3817 1952 3916 quod
1968 3844 2055 3892 mox
2073 3821 2189 3918 sequi-

685 3933 757 4027 tur)
776 3933 926 4008 unicum
937 3935 1017 4032 jam
1036 3938 1204 4012 existens.
1245 3938 1321 4036 (Cf.
1339 3941 1404 4014 ΝΟ.
1422 3942 1500 4035 51.)

538 4161 618 4257 51.
661 4175 759 4250 Aura
784 4184 944 4257 recensio
968 4186 1191 4285 autographa
1214 4187 1331 4285 operis
1353 4187 1518 4286 proxime
1541 4185 1789 4286 praecedentis,
1812 4189 1923 4288 partis
1946 4189 2119 4265 nimirum
2143 4194 2188 4266 ab

518 4297 565 4378 B.
585 4297 637 4378 D.
688 4328 784 4376 anno
808 4307 900 4381 1666
927 4306 971 4382 ad
997 4335 1133 4384 annum
1157 4311 1250 4390 1637
1267 4313 1306 4386 in
1331 4310 1547 4409 quibusdam
1573 4313 1618 4386 ab
1645 4311 1706 4384 illa
1730 4312 1958 4413 discrepans;
1984 4315 2190 4391 inseruntur

688 4435 809 4498 autem
830 4442 914 4524 post
936 4455 1072 4504 annum
1095 4433 1200 4522 1612,
1226 4459 1300 4507 non
1320 4459 1437 4533 pauca
1458 4432 1504 4507 de
1528 4434 1631 4508 annis
1655 4434 1760 4525 1279,
1782 4437 1887 4526 1308,
1909 4437 2014 4527 1331,
2037 4439 2131 4512 1340
2153 4455 2189 4513 et

692 4545 798 4636 1342,
822 4572 902 4643 quoe
925 4575 989 4622 suo
1013 4549 1092 4623 loco
1114 4554 1311 4652 exemplari
1334 4554 1399 4626 ΝΟ.
1417 4556 1466 4627 50
1486 4567 1570 4628 sunt
1590 4554 1735 4643 inserta,
1760 4553 1822 4629 sed
1842 4555 1979 4630 ibidem
2001 4583 2047 4630 ex
2070 4557 2190 4656 aliqua

687 4680 789 4766 parte
812 4668 873 4740 vix
898 4670 1067 4768 legibilia.
1109 4673 1209 4747 Inter
1233 4676 1423 4750 relationes
1449 4677 1622 4754 hasecca
1643 4678 1802 4752 maxime
1823 4692 1879 4752 est
1899 4679 2067 4754 notabilis
2091 4682 2188 4779 quod

689 4783 935 4860 Groenlandiae
962 4789 1154 4889 (Europeae
1178 4795 1341 4896 originis)
1368 4797 1599 4887 habitatores,
1624 4824 1719 4871 anno
1742 4799 1912 4873 ultimum
1936 4813 2146 4892 memorato,
2170 4831 2190 4876 a

687 4937 771 4983 vera
787 4909 859 4984 fide
875 4924 912 4986 et
930 4913 1138 4990 Christiana
1154 4907 1337 5018 religione,
1352 4933 1480 5021 sponte
1497 4947 1572 5010 sua,
1590 4919 1796 5013 defecerint,
1814 4934 1851 4996 et
1868 4921 1914 4996 ad
1929 4924 2108 4998 Americae
2123 4953 2189 5026 po-

686 5035 791 5134 pulos
810 5063 847 5109 se
865 5039 1126 5126 converterint;
1154 5053 1261 5139 atque
1279 5045 1398 5142 aliqua
1416 5045 1611 5119 vetustiora
1627 5044 1671 5121 de
1693 5060 1787 5122 terra
1803 5045 2051 5124 Groenlandioe
2071 5052 2188 5125 orien-
