5150 6530
1090 783 1117 861 7

462 990 626 1079 maximi,
644 987 763 1086 quoad
786 984 974 1060 historiam
992 995 1030 1056 et
1046 982 1155 1058 totius
1174 980 1437 1083 septentrionis
1454 981 1740 1081 chronologiam,
1756 983 1875 1082 pretii,
1899 985 2015 1050 Fonro‘.

464 1142 578 1214 quum
605 1110 792 1188 Saemundi
815 1107 995 1184 Multiscii
1021 1107 1311 1181 lucubrationum
1339 1106 1525 1206 epitomen
1549 1104 1688 1197 reddat,
1711 1123 1876 1206 tempore

464 1237 640 1315 Sverreris
680 1236 773 1335 regis
813 1237 953 1332 (nostra
991 1231 1181 1321 sententia,
1222 1231 1317 1304 circa
1353 1256 1490 1304 annum
1529 1232 1638 1326 1190)
1677 1243 1877 1320 exaratum,

463 1363 632 1464 quamvis
656 1359 910 1436 celeberrimus
932 1356 1166 1431 Erichsenius
1189 1353 1226 1430 id
1249 1383 1315 1455 pro
1340 1354 1541 1453 antiquiore
1565 1355 1743 1428 habuerit.
1794 1355 1878 1429 Fuit

346 1513 349 1520 ⁴
464 1489 511 1560 ab
539 1497 683 1560 auctore
710 1481 918 1556 dedicatum
946 1479 1051 1552 Jonae
1083 1477 1203 1577 Lopti‚
1233 1475 1434 1573 (Samundi
1465 1475 1642 1548 Multiscii
1674 1474 1811 1574 nepoti,
1837 1499 1879 1546 ac

466 1607 657 1684 Snorronis
675 1605 817 1681 Sturloei
834 1604 1018 1699 nutricio)
1046 1601 1109 1701 qui
1131 1601 1246 1675 filiam
1269 1600 1363 1698 regis
1388 1599 1592 1698 Norvegiae,
1616 1598 1745 1697 Magni
1764 1595 1880 1670 Nudi-

467 1733 583 1834 pedis,
602 1732 658 1830 (in
675 1729 854 1804 Hibernia
871 1728 979 1800 aruris
997 1725 1108 1822 caesi)
1128 1726 1167 1797 in
1183 1725 1415 1798 matrimonio
1440 1723 1579 1812 habuit,
1596 1721 1693 1795 unde
1709 1735 1881 1821 praestan-

466 1859 575 1931 tiores
592 1855 821 1929 Islandorum
843 1852 962 1925 adhuc
982 1852 1144 1950 vigentes
1167 1849 1314 1924 familiae
1342 1853 1400 1945 (ac
1422 1851 1527 1923 multi
1554 1850 1661 1922 simul
1683 1847 1881 1922 doctissimi

468 1983 550 2076 viri)
580 1993 667 2053 ortae
692 1991 788 2051 sunt.
837 1975 1079 2064 Adscribitur,
1106 2003 1128 2048 a
1156 1976 1301 2049 librario
1331 1976 1439 2073 hujus
1463 1977 1692 2076 exemplaris,
1719 1976 1775 2049 vel
1805 1975 1882 2072 ejus

399 2159 401 2164 -
469 2104 628 2208 protypi,
651 2103 824 2213 Snorroui
853 2101 1017 2191 Sturlae0,
1042 2098 1105 2172 scd
1127 2099 1368 2173 verisimiliter
1397 2126 1609 2200 perperam;
1647 2100 1731 2197 (nisi
1754 2099 1882 2199 primae

468 2231 582 2332 ipsius
602 2225 805 2324 juventutis
832 2247 922 2326 opus
949 2226 995 2298 sit
1005 2226 1033 2319 3)
1068 2237 1124 2296 est
1146 2224 1244 2296 enim
1270 2227 1328 2321 (ut
1348 2223 1506 2318 videtur)
1530 2224 1607 2322 ejus
1633 2222 1754 2297 adulta
1780 2236 1883 2296 oetate

471 2355 595 2454 paullo
613 2350 807 2448 antiquius.

506 2477 705 2576 Exemplar
717 2475 830 2548 hocce
843 2474 1006 2547 continet
1018 2473 1305 2572 praestantissimi
1316 2472 1425 2570 hujus
1438 2472 1609 2545 carminis
1623 2474 1884 2560 recensionem,

474 2600 611 2676 mundo
626 2597 767 2672 erudito
790 2596 910 2670 adhuc
933 2596 1083 2669 omnino
1106 2596 1340 2696 incognitam.
1395 2595 1515 2668 Unica
1532 2596 1601 2669 alia
1617 2596 1717 2696 prius
1740 2595 1886 2668 innotu-

474 2733 561 2810 erat,
579 2719 813 2792 celeberrimo
829 2717 1036 2816 Flateyensi
1054 2715 1184 2794 Codici
1212 2717 1267 2812 (iu
1291 2716 1521 2790 Bibliotheca
1545 2717 1643 2816 regia
1666 2715 1883 2813 Havniensi)

474 2848 619 2934 inserta,
649 2842 753 2939 cujus
784 2841 1035 2941 apographum
1065 2840 1296 2914 doctissimus
1322 2841 1557 2914 Erichsenius
1587 2837 1700 2914 edidit
1733 2838 1887 2912 Havuioe

480 2969 573 3047 1787
593 2967 633 3040 in
649 2969 726 3057 lto,
748 2966 815 3038 sub
836 2977 1010 3062 sequente
1031 2965 1158 3038 titulo:
1185 2964 1264 3038 Jorr
1282 2963 1470 3063 Loptso‘aa
1487 2963 1709 3037 Eacomiaat
1727 2961 1818 3037 aller
1843 2989 1888 3036 ea

476 3092 669 3166 ubenoeoat
694 3089 913 3188 Forfirtters
940 3088 1315 3187 Lyko'nslcns'ugsuers
1346 3088 1394 3162 al
1423 3088 1520 3176 hom,
1549 3088 1815 3164 iadclroldcnde
1843 3113 1888 3162 eu

476 3214 722 3312 Fortegnelse
746 3238 796 3312 og
819 3212 1077 3312 rldsngning
1100 3237 1186 3287 ouer
1211 3212 1258 3288 de
1277 3213 1430 3288 Noreke
1455 3213 1800 3312 Emoldskonger‚
1812 3215 1889 3312 fra

479 3338 646 3414 Harant
656 3338 891 3436 Hoorsager
908 3337 954 3412 ol
963 3337 1084 3436 Kong
1094 3337 1265 3427 Soerrer,
1277 3339 1343 3411 &c
1377 3337 1530 3412 Addidit
1546 3339 1694 3439 insuper
1710 3339 1889 3412 Danicam

480 3492 581 3539 suram
608 3464 823 3553 versionem,
847 3477 886 3536 et
908 3463 1160 3536 annotationes
1187 3462 1361 3560 quasdam
1389 3465 1455 3537 &c
1506 3462 1637 3539 Codex
1667 3464 1890 3564 Flateyensis

481 3587 633 3663 cannini
659 3601 781 3660 nostro
807 3587 903 3660 hanc
928 3585 1201 3686 inscriptionem
1227 3586 1394 3660 adhibet:
1429 3588 1521 3662 Her
1547 3589 1664 3662 hesir
1687 3589 1891 3689 Noreghr

481 3717 638 3814 Kdnga
661 3714 733 3803 tal,
751 3739 796 3785 er
812 3709 1035 3786 Saemunds
1056 3710 1188 3785 Frddi
1208 3711 1345 3784 ordti:
1369 3713 1436 3785 i.e.
1454 3711 1540 3787 Hic
1556 3713 1687 3812 incepit
1701 3738 1892 3787 enumera-

481 3838 531 3912 tio
556 3835 648 3930 (sive
669 3833 854 3933 alerem)
877 3834 1027 3932 Regum
1051 3833 1267 3930 Norocgiae,
1294 3859 1405 3933 quom
1428 3835 1649 3909 Scamander
1673 3835 1892 3910 Multiscius

480 3965 742 4054 composuerat.
794 3955 879 4028 Hoc
902 3954 948 4028 de
964 3955 1083 4054 priore
1104 3957 1281 4055 poematis
1304 3973 1407 4056 parte
1423 3958 1564 4031 veritati
1582 3957 1760 4056 congruit,
1778 3984 1890 4054 quum

481 4079 551 4150 ista
567 4101 613 4150 ex
629 4075 707 4172 ejus
724 4075 893 4176 operibus
911 4076 957 4148 sit
972 4089 1161 4176 excerpta3
1186 4078 1351 4175 quamvis
1368 4079 1445 4178 ipse
1461 4105 1536 4152 non
1551 4105 1618 4178 pro
1635 4079 1730 4150 illius
1747 4091 1892 4151 auctore

484 4201 531 4274 sit
546 4198 745 4273 habendus.
780 4200 973 4300 Inscriptio
989 4200 1052 4273 illa
1068 4201 1180 4274 nostri
1198 4203 1414 4302 exemplaris
1430 4216 1627 4302 prototypo
1635 4201 1763 4274 defuit.
1792 4202 1892 4276 Hinc

484 4325 699 4426 suspicatus,
713 4324 811 4422 quod
827 4337 992 4400 nostrum
1010 4325 1070 4398 alii
1087 4326 1241 4416 matrici,
1253 4353 1297 4399 ac
1315 4325 1538 4426 Flateyensis
1554 4326 1697 4417 Codex,
1710 4353 1814 4400 auam
1831 4326 1893 4400 de-

484 4450 604 4524 buerit
626 4447 816 4548 originem,
833 4462 941 4548 ntque
956 4449 1149 4522 amborum
1171 4449 1282 4549 igitur
1306 4451 1535 4524 collationem
1553 4477 1753 4551 aggressus,
1771 4454 1891 4525 statim

483 4577 580 4650 illius
599 4574 814 4671 conjecturae
831 4573 1019 4648 indubiam
1036 4575 1224 4647 veritatem
1242 4601 1323 4647 sum
1338 4589 1557 4673 compertus.
1603 4576 1764 4649 Probent
1780 4576 1892 4649 hocce

484 4701 686 4801 permultae,
704 4725 747 4772 ac
762 4698 895 4799 partim
913 4725 1051 4798 graues,
1067 4699 1245 4772 venantes
1269 4699 1454 4789 lectioneS,
1471 4711 1509 4770 ct
1522 4699 1657 4772 criticae
1680 4713 1785 4783 notoe,
1803 4727 1892 4798 quas

487 4837 609 4898 nostro
632 4822 748 4897 codici
772 4848 870 4896 nunc
893 4822 1020 4920 adjeci.
1071 4823 1180 4896 Plura
1203 4824 1425 4923 Flateyensis
1445 4824 1600 4899 absurda
1623 4824 1755 4899 menda
1771 4840 1893 4899 nostro

486 4949 539 5021 ita
555 4947 782 5048 corriguntur
793 4973 824 5021 e.
837 4974 872 5046 g.
891 4943 1097 5044 avdllngs
1112 4945 1159 5018 de
1174 4947 1301 5038 Lokio,
1314 4963 1356 5020 ut
1369 4946 1414 5020 de
1431 4948 1544 5021 nobili
1561 4950 1726 5049 principe
1743 4949 1894 5038 dietum,

490 5092 575 5139 nam
601 5067 631 5140 is
659 5068 696 5140 in
724 5068 836 5142 hacce
861 5068 1085 5159 recensione,
1111 5095 1178 5168 pro
1200 5071 1349 5169 propria
1376 5068 1509 5160 indole,
1536 5069 1777 5171 Asa-dblgs
1806 5071 1845 5168 (i.
1863 5099 1894 5144 e.
