5150 6530
1364 618 1455 692 32.

464 831 615 907 Quaero.
651 821 829 921 designati
846 821 885 894 in
903 820 1042 910 Svecia,
1061 820 1220 892 Holmiae
1242 820 1335 892 1689
1353 818 1528 916 defuncti)
1544 815 1748 913 Adrkilligt
1762 841 1818 890 om
1832 815 1987 889 Ishrnds
2001 816 2164 915 Besleuf

637 945 789 1045 fcnhed
801 971 851 1043 og
872 944 911 1018 V
906 944 1053 1018 illector:
1081 945 1105 1017 i.
1123 971 1155 1016 e.
1172 944 1283 1019 Varia
1308 943 1353 1015 de
1379 943 1544 1016 Islandiae
1570 944 1673 1018 Statu
1691 955 1727 1016 et
1746 943 1985 1028 Conditione;
2012 945 2164 1018 Danice.

650 1069 740 1170 Agit
770 1083 892 1144 autem
913 1069 967 1141 ‘de
999 1069 1124 1141 insulae
1157 1067 1315 1157 climate,
1340 1067 1614 1165 vegetabilibus,
1641 1067 1873 1140 mineralibus
1905 1067 2099 1168 (inprimis,
2125 1081 2166 1142 ut

651 1192 792 1267 Auctor
812 1194 949 1292 putat),
975 1203 1136 1290 argento,
1159 1192 1244 1281 sale,
1264 1190 1456 1290 piscatura,
1478 1189 1598 1263 indole
1622 1191 1926 1288 incolarum(qui
1949 1193 1994 1264 ab
2021 1218 2064 1264 eo
2088 1219 2167 1292 seg-

653 1312 754 1386 nitiei
780 1324 817 1384 et
839 1312 975 1384 inertiae
999 1317 1241 1408 accusantur).
1292 1312 1549 1411 Proponuntur
1571 1339 1679 1411 porro
1703 1312 1852 1384 consilia
1872 1311 1970 1386 varia
1991 1326 2037 1416 et
2051 1313 2166 1387 medi-

654 1437 807 1510 tationes
833 1435 878 1508 de
900 1447 995 1508 statu
1017 1436 1143 1508 insulae
1165 1448 1201 1508 et
1224 1437 1350 1536 populi
1370 1435 1626 1526 emeliorando,
1644 1462 1675 1508 e.
1694 1462 1728 1535 g.
1751 1435 1796 1508 de
1821 1437 1949 1510 ovibus
1970 1464 2016 1510 ex
2032 1438 2167 1538 Anglia

654 1536 903 1660 iinportandis,
928 1561 994 1633 &c
1045 1559 1239 1634 Accedunt
1263 1559 1473 1633 traditiones
1500 1559 1665 1658 quaedam
1694 1561 1899 1660 populares,
1926 1560 1972 1633 de
2002 1575 2166 1662 serpente

655 1685 821 1782 aquatico
838 1684 877 1756 in
902 1684 984 1757 lacu
1009 1684 1156 1783 insigni,
1174 1685 1236 1782 qui
1260 1685 1499 1784 Lagurlliot
1520 1683 1663 1776 dicitur,
1680 1712 1746 1785 per
1769 1687 1889 1760 secula
1908 1688 2013 1786 plura
2029 1689 2166 1761 latente

656 1824 692 1885 at
717 1809 899 1884 interdum
924 1810 1024 1895 viso;
1051 1809 1097 1882 de
1121 1810 1273 1883 vallibus
1299 1809 1443 1883 secretis
1467 1810 1505 1882 in
1529 1808 1678 1898 desertis
1702 1810 1869 1884 Islandiae
1892 1811 2021 1885 medioe
2046 1825 2083 1885 et
2108 1839 2167 1886 ea-

655 1963 737 2010 rum
764 1937 905 2025 incolis,
923 1937 989 2009 &c
1014 1962 1169 2024 necnon,
1197 1935 1406 2035 appendicis
1430 1936 1522 2026 loco,
1546 1936 1688 2008 Relatio
1719 1935 1763 2008 de
1788 1936 1920 2009 vestitu
1940 1936 2167 2010 Islandorum

656 2062 733 2158 ejus
756 2059 930 2159 temporis
957 2086 999 2132 ae
1025 2060 1179 2157 querelae
1209 2057 1254 2130 de
1277 2057 1508 2130 muliebrium
1534 2072 1828 2133 ornamentorum
1855 2072 2040 2133 sumtuoso
2066 2062 2167 2151 luxu,

656 2187 722 2259 &c
775 2184 935 2260 Libellus
953 2184 1068 2275 hicce,
1087 2185 1308 2284 compositus
1332 2183 1478 2272 Hafniae
1499 2185 1606 2272 1682,
1624 2198 1689 2274 est,
1708 2197 1749 2257 ut
1765 2211 1900 2257 nomen
1923 2185 2165 2285 subscriptum

655 2319 817 2395 testatur,
834 2304 1004 2378 Auctoris
1028 2305 1307 2405 autographum,
1331 2316 1368 2376 et
1392 2305 1542 2378 unicum
1568 2305 1660 2377 forte
1679 2305 1759 2402 jam
1785 2305 1942 2378 existens
1968 2307 2166 2406 exemplar.

657 2426 841 2526 Scriptum
866 2427 980 2501 hocce
1002 2427 1178 2501 ineditum
1206 2427 1385 2501 omittitur
1410 2428 1448 2500 in
1474 2427 1685 2527 Sciagraph.
1712 2429 1809 2502 Hist.
1833 2429 1903 2501 Lit.
1930 2428 2078 2519 Island,
2104 2430 2166 2502 ubi

659 2562 782 2624 auctor
806 2563 930 2624 tamen
950 2554 1048 2651 (pag.
1067 2553 1129 2649 83)
1154 2551 1320 2624 laudatur
1343 2564 1384 2624 ut
1406 2552 1517 2626 Poeta
1538 2567 1576 2624 et
1597 2552 1620 2626 J
1623 2551 1881 2626 urisconsultus
1905 2553 2166 2652 peritissimus;

659 2700 727 2747 nec
743 2674 852 2748 etiam
870 2689 992 2747 nostro
1010 2674 1211 2765 Literatori,
1226 2675 1387 2749 Johanni
1410 2675 1531 2748 Ericio
1555 2675 1647 2770 (sive
1669 2676 1864 2773 Erichsen)
1886 2703 2047 2774 unquam
2064 2677 2167 2750 inno-

658 2801 740 2891 tuit,
758 2812 798 2873 ut
815 2826 861 2872 ex
878 2801 991 2899 ipsius
1010 2800 1143 2900 scripto
1165 2826 1232 2872 om
1250 2798 1426 2873 Islands
1444 2799 1664 2899 Opkomst
1683 2800 1743 2895 (de
1760 2800 2032 2874 Restauratione
2053 2802 2167 2874 Islan-

660 2923 739 3009 diae,
764 2922 862 2997 Sorae
890 2923 999 3018 1768)
1025 2949 1108 3022 pag.
1127 2925 1290 3013 46-49,
1315 2924 1378 2996 ubi
1408 2923 1558 2996 aliorum
1585 2924 1716 2997 similia
1740 2924 1873 3024 scripta
1900 2937 2167 3016 enumerantur,

660 3049 860 3122 luculenter
875 3049 1059 3147 probatur.
1110 3047 1176 3120 Est
1191 3047 1302 3147 igitur
1318 3047 1548 3147 Opusculum
1566 3047 1679 3121 hocce
1696 3047 1917 3122 rarissimum
1935 3049 2073 3123 mundo
2089 3050 2168 3124 lite-

659 3172 752 3244 rario
767 3171 912 3271 penitus
930 3170 1168 3270 incognitum.

510 3414 578 3528 87
582 3494 592 3514 ‚
637 3415 851 3490 Mrrrnrrs
865 3415 1086 3489 Jolaeiassens
1098 3414 1413 3511 Anmoerkninger
1428 3416 1532 3512 osum
1548 3409 1703 3488 lalanda
1722 3413 1940 3488 OEconomic
1957 3414 2022 3488 och
2039 3415 2168 3492 marca

494 3555 542 3638 B,
562 3553 614 3636 1),
662 3539 926 3637 Indhyggcre:
952 3540 976 3613 i.
995 3567 1026 3612 e.
1045 3540 1324 3613 Observationes
1342 3539 1381 3612 in
1398 3537 1594 3612 Islandiam
1618 3551 1655 3612 et
1677 3538 1789 3638 ipsius
1806 3539 1948 3612 Incolas
1970 3541 2078 3641 (Regi
2095 3543 2169 3616 Da-

662 3665 743 3756 nire,
760 3662 951 3738 Frederico
970 3664 1121 3754 Quarto,
1139 3663 1342 3758 insinuatae)
1371 3663 1597 3736 continentes
1613 3663 1711 3736 varia
1728 3663 1878 3736 consilia
1899 3661 1945 3736 de
1968 3663 2011 3736 iis
2034 3664 2072 3738 in
2094 3692 2168 3739 me·

661 3790 788 3862 liorem
818 3799 952 3862 statum
978 3786 1259 3860 constituendis.
1325 3785 1509 3859 Ineditum
1540 3799 1576 3858 et
1608 3785 1849 3858 verisimiliter
1878 3788 2167 3887 autographum

661 3913 847 4012 exemplar
874 3924 970 3985 certe
996 3921 1204 3984 accuratum
1230 3922 1267 3982 et
1291 3910 1485 4010 integrum.
1549 3909 1635 3981 Fuit
1659 3909 1770 3982 etiam
1795 3908 1929 3982 laudati
1955 3910 2066 3985 Ericii
2096 3914 2169 4010 (vel

662 4036 881 4132 Eriehsenii)
908 4049 1073 4135 tempore
1096 4035 1270 4133 scriptum
1294 4033 1407 4106 hocce
1430 4033 1664 4122 rarissimum,
1682 4031 1745 4104 sed
1767 4032 1800 4104 ei
1822 4045 1947 4106 tamen
1970 4060 1991 4107 a
2013 4037 2170 4110 celeber-

662 4157 755 4230 rimo
772 4157 963 4256 Norvegiae
980 4154 1271 4256 historiographo
1285 4152 1473 4229 Gerhardo
1487 4151 1726 4251 Schoeningio
1743 4153 2064 4241 communicatum,
2081 4153 2167 4249 (vid.

662 4279 838 4355 Islands
866 4281 1086 4382 Opkomst
1111 4306 1195 4379 pag.
1218 4280 1295 4372 47.)
1347 4276 1498 4376 Scripsit
1522 4277 1663 4350 Auctor
1688 4276 1783 4348 circa
1808 4303 1944 4350 annum
1975 4279 2080 4367 1730,
2106 4305 2168 4350 na-

662 4405 763 4478 tione
780 4406 981 4504 Norvegus,
997 4419 1033 4480 et
1050 4403 1232 4478 interdum
1250 4404 1317 4476 sub
1335 4413 1578 4501 cognomento
1590 4400 1755 4500 Wagel,
1769 4427 1842 4498 quo
1858 4401 1968 4474 etiam
1985 4401 2031 4473 ab
2048 4401 2169 4477 Erieio

663 4529 793 4629 saepius
811 4528 996 4628 allegatur.
1048 4528 1084 4600 Is
1102 4527 1298 4600 maximam
1319 4524 1486 4598 Islandiae
1507 4543 1647 4627 partem
1668 4524 1882 4625 peragravit,
1900 4536 1941 4597 ut
1958 4525 2169 4626 sulphureas

611 4651 613 4656 ’
663 4647 819 4724 Fodinae
838 4649 904 4721 &a
921 4647 1153 4747 investigaret
1169 4663 1205 4720 et
1221 4647 1426 4747 inspiceret.
1668 4641 1670 4645 ’

496 4851 605 5074 BSSD
639 4899 846 4975 Rsrrrrorv
870 4920 920 4994 og
940 4895 1188 4994 Betoenlming
1210 4919 1298 4970 over
1317 4891 1474 4970 lauras
1493 4891 1723 4985 OEconomia
1739 4917 1790 4990 og
1810 4891 2002 4968 hoerledcs
2018 4892 2172 4971 Laudat
