5150 6530
1372 705 1427 781 38

478 909 618 974 Octavo
686 909 828 989 10-17
833 964 842 980 .
868 907 926 981 De
942 904 1062 981 Variis
1080 906 1382 981 Inclinationibus
1400 919 1437 982 et
1451 906 1572 984 Vitiis.

519 995 571 1058 &c

685 1035 740 1108 18.
767 1034 824 1107 De
843 1031 1104 1107 Informatione
1122 1031 1251 1107 Gentis
1268 1029 1458 1106 Islandicae
1474 1032 1643 1132 generali.

686 1160 740 1233 19.
766 1157 955 1233 Virtutum
971 1154 1235 1255 praecipuarum
1256 1155 1538 1255 Descriptiones.

681 1285 743 1356 20.
770 1282 828 1359 De
843 1279 1115 1354 Tacitumitate.

683 1408 744 1480 2l.
770 1403 965 1481 Instructio
981 1401 1142 1477 Studiosi
1157 1401 1339 1477 Islandici.

683 1532 744 1604 22.
770 1527 964 1602 Paraenesis
982 1527 1150 1602 Isocratis
1168 1526 1213 1601 ad
1230 1527 1489 1618 Demonicum,
1502 1527 1542 1602 iu
1554 1527 1734 1628 Linguam
1752 1527 1970 1606 Islandicam
1987 1534 2168 1607 translata.

683 1657 744 1730 23.
770 1655 964 1755 Excerpta,
980 1654 1001 1726 ὲ
1017 1654 1164 1729 Valerio
1181 1654 1349 1727 Maximo
1364 1653 1547 1727 translata.

684 1782 745 1855 24.
771 1779 956 1879 Scriptum
982 1777 1159 1852 Desiderii
1185 1777 1327 1852 Erasmi
1351 1775 1605 1852 Roterodami:
1631 1777 1689 1851 De
1715 1775 1900 1853 Civilitate
1922 1780 2072 1856 Morum
2097 1783 2168 1856 Pu-

709 1903 863 1993 erilium,
881 1901 1072 1976 Islandice.
1166 1923 1168 1926 ·

684 2030 745 2102 25.
770 2026 949 2102 Johannis
983 2027 1128 2128 Sulpitii
1160 2027 1316 2101 Poema:
1353 2027 1411 2101 De
1445 2027 1613 2102 Moribus
1642 2029 1870 2105 Mensalibus
1897 2032 2109 2125 Puerorum,
2131 2034 2170 2106 in

709 2152 891 2250 Linguam
909 2150 1124 2224 Islandicam
1141 2151 1368 2225 translatum.

685 2277 746 2351 26.
771 2277 829 2351 De
846 2275 1071 2350 Educatione
1088 2277 1308 2367 Puellarum,
1330 2276 1384 2376 (in
1400 2275 1587 2375 Islandia.)

591 2423 599 2441 ·
685 2403 746 2480 27.
772 2401 891 2476 Veriae
908 2399 1214 2474 Ratiocinationes
1231 2400 1426 2474 Humanae.

686 2526 746 2599 28.
772 2522 1163 2623 Ordsqvidaklafi:
1191 2524 1214 2598 i.
1233 2552 1265 2599 e.
1284 2524 1463 2600 Collectio
1479 2524 1703 2626 Adagiorum
1726 2526 2001 2619 Islandicomm‚
2018 2554 2040 2601 a
2056 2530 2169 2603 celeb.

711 2648 885 2724 Gunnare
909 2648 1013 2722 Pauli
1038 2661 1075 2721 et
1099 2647 1245 2723 laudato
1268 2648 1486 2723 Thorsteino
1510 2650 1649 2724 Petraeo
1676 2651 1914 2738 concinnata3
1942 2679 2027 2728 cum
2054 2654 2171 2727 Intro-

711 2773 885 2849 ductione
909 2773 955 2846 de
983 2773 1097 2848 hocce
1128 2775 1320 2848 literaturae
1352 2801 1483 2874 genere
1509 2788 1660 2874 agente:
1696 2774 1821 2851 ordine
1846 2777 2074 2877 alphabetico
2100 2777 2172 2852 dis-

711 2913 840 3000 posita.

687 3025 745 3097 29.
774 3021 937 3098 Consilia
960 3021 1086 3114 Utilia,
1103 3022 1123 3096 ἓ
1139 3022 1286 3098 Fabulis
1307 3023 1491 3126 AEsopicis
1512 3036 1684 3114 extracta,
1701 3022 1876 3099 Versibus
1901 3023 2090 3100 Islandicis
2115 3029 2170 3102 in-

712 3149 824 3237 clusa,
846 3160 885 3221 et
912 3147 952 3220 in
979 3146 1144 3220 ordinem
1175 3147 1446 3247 alphabeticum
1475 3147 1631 3239 redacta,
1656 3174 1678 3220 a
1706 3145 1931 3223 Gudmundo
1960 3137 2170 3242 Erlendino,

712 3271 898 3371 quondam
915 3271 1080 3346 Perocho
1097 3272 1253 3346 Fellensi
1270 3275 1309 3347 in
1326 3274 1461 3348 boreali
1478 3272 1647 3348 Islandiae
1661 3287 1775 3375 parte.

688 3399 748 3471 30.
773 3398 908 3471 Praeter
932 3398 1048 3498 plura.
1098 3399 1237 3473 Omnia
1260 3399 1396 3474 inedita
1417 3413 1454 3474 et
1475 3401 1666 3474 rarissima.
1714 3398 1823 3472 Liber
1844 3399 1949 3474 hicce
1971 3401 2170 3476 maximam

711 3534 854 3622 partem
875 3524 1028 3596 auctoris
1049 3523 1100 3617 (et
1119 3524 1333 3624 collectoris)
1358 3539 1413 3600 est
1433 3526 1711 3627 autographum,
1736 3525 1901 3623 quamvis
1927 3526 2055 3601 ultima
2073 3526 2169 3614 folia,

711 3660 860 3748 propter
875 3647 988 3749 ipsius
1005 3649 1203 3726 cecitatem
1218 3662 1255 3723 et
1269 3663 1506 3742 senectutem,
1520 3651 1636 3727 aliena
1649 3676 1761 3727 manu
1774 3650 1848 3724 sint
1859 3667 2015 3725 exarata.
2050 3651 2171 3728 Multa

713 3771 785 3851 hoc
802 3771 928 3847 codice
945 3785 1116 3848 contenta
1132 3775 1194 3849 vix
1209 3774 1295 3848 alibi
1312 3775 1484 3851 existunt.

1327 4045 1492 4121 Poritica.

501 4244 610 4341 100,
641 4234 891 4319 Hlvnruinz
917 4243 941 4318 i.
958 4271 991 4318 e.
1007 4244 1167 4322 Carmen
1183 4245 1342 4338 Excelsi,
1359 4246 1383 4320 i.
1394 4272 1426 4320 e.
1445 4244 1577 4321 odini:
1600 4245 1688 4322 Pars
1705 4245 1819 4322 Eddoe
1834 4247 2081 4348 Antiquioris;
2108 4277 2171 4325 ex-

534 4379 579 4460 C.

666 4371 805 4468 emplar
820 4384 1002 4446 vetustum
1022 4372 1220 4473 (impressis
1238 4371 1455 4447 editionibus
1472 4398 1547 4445 non
1565 4369 1797 4471 adhibitum.)

501 4605 613 4704 101.
643 4616 866 4691 Gunnnns
889 4642 1049 4691 senon:
1075 4621 1100 4693 i.
1118 4646 1149 4694 e.
1174 4621 1396 4695 Fidicinium
1422 4618 1605 4695 Gurmaris
1631 4620 1835 4721 (Giukiani)
1852 4620 1985 4697 Herois
2007 4622 2171 4725 Nillungi

500 4742 545 4825 C.
566 4741 616 4822 D.
665 4741 723 4815 vel
739 4739 985 4839 Nibelungici,
1005 4740 1164 4817 Carmen
1179 4745 1501 4847 elegantissimum,
1516 4771 1584 4846 pro
1600 4743 1713 4821 Eddae
1729 4745 1955 4846 Antiquioris
1975 4746 2174 4848 appendice

667 4865 803 4955 valens,
832 4864 1056 4939 celeberrimi
1086 4865 1268 4943 Gurmaris
1298 4871 1402 4944 Pauli
1432 4868 1511 4971 (qui
1537 4871 1561 4946 d
1586 4868 1804 4969 quibusdam
1830 4895 1899 4970 pro
1924 4868 2001 4968 ejus
2029 4884 2173 4946 auctore

669 4987 838 5088 habenu)
857 5014 969 5064 manu
984 4990 1131 5091 propria
1146 5005 1345 5070 exaratum.
