5150 6530
1154 651 1204 724 31

456 1018 528 1094 Ad
542 1017 726 1092 Islandia
742 1028 779 1093 et
798 1019 1057 1096 Groealancliae
1073 1019 1273 1118 Physicum
1290 1032 1328 1096 et
1340 1021 1538 1100 Politicum
1556 1023 1850 1124 Deacmptioaem
1870 1052 1915 1104 aa
1959 1033 2112 1111 Quaero.

982 1144 1128 1219 Statum
1143 1147 1380 1245 pertinentia.

416 1343 476 1416 Du
498 1341 729 1416 Mirabilibus
752 1341 919 1416 lalandiae
944 1342 1034 1439 (sive
1052 1342 1224 1416 Historiae
1240 1344 1424 1417 Naturalis
1445 1345 1577 1419 Insulae
1601 1344 1706 1420 dictae
1728 1347 1947 1446 Tentamen)
1993 1337 2075 1436 84

441 1467 570 1540 Latine
588 1467 763 1567 scriptum
782 1467 973 1541 1638-ab
985 1466 1185 1540 Annalium
1204 1495 1322 1567 supra,
1337 1470 1404 1541 sub
1421 1469 1485 1541 ΝΟ.
1499 1470 1548 1542 50
1563 1481 1600 1543 et
1612 1471 1655 1542 51
1675 1470 1949 1572 descriptorum,
1977 1476 2025 1557 B.
2046 1475 2096 1556 D,

439 1591 600 1666 Auctore
627 1591 751 1665 Gislao
778 1589 889 1680 Oddi,
919 1591 1102 1691 Episcopo
1133 1591 1384 1666 Scalholtensi.
1444 1594 1724 1695 Autographum
1758 1598 1950 1690 ineditum,

440 1730 548 1812 atque
573 1712 722 1786 unicum
745 1710 836 1787 forte
859 1711 939 1809 jam
969 1712 1127 1785 existens
1158 1713 1355 1812 exemplar.
1407 1714 1567 1788 Laudata
1597 1715 1833 1817 Sciagraphia
1863 1719 1950 1792 His-

438 1837 539 1911 toriae
566 1837 745 1911 Literariae
771 1836 937 1911 Islandiae
967 1839 1064 1936 (pag.
1091 1838 1176 1933 168)
1205 1837 1369 1911 nominat
1392 1839 1591 1913 Auctorem
1619 1840 1728 1938 hujus
1754 1842 1836 1915 libri
1862 1842 1950 1916 His-

439 1959 540 2033 toriae
568 1958 752 2033 Naturalis
784 1958 995 2058 diligentem
1026 1971 1272 2049 scrutatorem,
1302 1958 1365 2032 sed
1395 1959 1535 2033 nullum
1566 1961 1638 2033 tale
1667 1961 1744 2057 ejus
1775 1961 1949 2061 scriptum

440 2095 713 2174 commemorat,
739 2109 857 2180 neque
882 2081 994 2182 ipsius
1028 2081 1176 2172 ibidem,
1206 2083 1300 2155 inter
1329 2083 1577 2183 Descriptores
1609 2082 1787 2174 Islandiae,
1814 2085 1952 2159 mentio

440 2209 493 2280 fit.
553 2206 691 2281 Vereor
726 2217 847 2278 autem
881 2232 928 2278 ne
961 2205 1053 2278 liber
1086 2205 1190 2278 hicce
1222 2206 1261 2277 in
1298 2205 1475 2304 Catalogo
1509 2207 1712 2280 Reseniano
1749 2207 1835 2300 (sec.
1865 2208 1908 2285 17
1909 2221 1951 2256 ¹¹¹⁰

439 2331 657 2421 Havniensi)
679 2330 774 2430 patn'
795 2328 921 2420 Gislai,
940 2328 1048 2404 Oddo
1072 2329 1161 2428 (sive
1179 2330 1325 2425 Ottoni)
1349 2329 1504 2420 Einaris,
1526 2329 1690 2404 similiter
1710 2330 1951 2405 Scalholtensi

439 2455 634 2556 Episcopo,
650 2479 840 2554 perperam
857 2454 904 2526 sit
924 2452 1137 2553 adscriptus,
1162 2466 1203 2525 ut
1227 2466 1264 2525 et
1286 2453 1475 2527 Tractatus
1499 2453 1545 2525 de
1569 2452 1740 2544 Islandia,
1761 2455 1823 2551 qui
1841 2455 1950 2528 etiam

439 2581 615 2681 posterius
641 2580 791 2653 omnino
816 2580 960 2678 ignotus
985 2579 1207 2679 permansit;
1242 2578 1329 2676 (vid.
1353 2579 1378 2651 l.
1403 2605 1435 2651 c.
1458 2604 1541 2677 pag.
1568 2578 1665 2672 148.)
1718 2578 1811 2652 Haec
1836 2581 1949 2652 nostri

440 2730 550 2804 opera
576 2703 761 2803 incognita
786 2702 933 2776 fixerunt
958 2702 1076 2777 Finno
1100 2702 1324 2788 lohannaeo;
1358 2702 1404 2776 cf.
1426 2701 1503 2798 ejus
1528 2701 1625 2775 Hist.
1649 2701 1751 2776 Eccl.
1775 2703 1846 2776 111.
1865 2704 1950 2792 601,

442 2828 527 2900 602.

413 3075 605 3149 Jousums
630 3073 864 3148 Tnoaxrmu
891 3074 1122 3164 Cunusoms,
1153 3075 1242 3172 (sive
1268 3073 1566 3173 Gullbringa,)
1597 3073 1622 3146 i.
1640 3098 1672 3145 e.
1696 3072 1951 3146 Memorabilia
1992 3055 2074 3154 85

439 3197 617 3297 quaedam,
635 3210 672 3270 et
689 3197 735 3272 ad
757 3198 967 3271 encomium
990 3199 1190 3273 Provinciae
1212 3197 1504 3298 Gullbringensis
1527 3197 1585 3272 vel
1608 3196 1894 3269 Kialamescnsis
1912 3196 1951 3268 in
1973 3191 2022 3274 B.
2041 3193 2094 3274 D.

439 3324 598 3400 Islandia
623 3324 767 3397 australi
792 3324 1023 3423 pertinentia,
1049 3324 1279 3422 numerisque
1309 3323 1477 3423 elegiacis
1503 3322 1680 3421 exposita,
1706 3321 1838 3419 quibus
1864 3321 1952 3393 Pro-

438 3451 567 3524 vinciae
593 3448 701 3539 illius,
724 3475 798 3547 prae
822 3447 929 3522 variis
952 3447 1119 3522 Islandiae
1134 3449 1324 3522 Tractibus
1348 3448 1622 3549 praerogativam
1647 3461 1684 3522 et
1707 3448 1950 3548 praestantiam

438 3573 683 3648 demonstrare
698 3572 814 3645 voluit
828 3572 979 3662 Auctor,
997 3573 1059 3669 qui
1076 3588 1114 3645 et
1130 3573 1284 3646 Notulas
1305 3572 1437 3670 adjecit
1458 3599 1526 3672 pro
1547 3572 1707 3646 faciliore
1724 3571 1948 3672 singulorum

438 3697 767 3796 Enthymematum
784 3695 992 3769 intellectu:
1012 3694 1151 3768 Lafine
1182 3696 1303 3769 Multa
1320 3708 1447 3769 notatu
1463 3695 1574 3796 digna
1590 3695 1635 3769 ad
1652 3695 1851 3785 historiam,
1859 3722 1950 3794 prae·

439 3822 562 3896 sertim
586 3819 791 3910 literariam,
809 3819 881 3892 hoc
897 3845 989 3919 opus
1012 3819 1186 3910 continet,
1203 3821 1298 3892 inter
1320 3821 1390 3894 alia
1410 3821 1517 3894 fortia
1535 3819 1732 3895 Hialmaris
1749 3818 1950 3893 Grendavi-

439 3943 556 4018 censis
579 3955 705 4017 contra
728 3942 865 4016 Turcas
889 3941 1095 4015 Alzirenses
1117 3941 1278 4016 facinora
1302 3944 1396 4021 1627
1424 3942 1486 4042 (cf.
1512 3969 1619 4042 supra
1643 3942 1707 4015 ΝΟ.
1726 3943 1774 4013 56
1797 3939 1842 4013 de
1866 3940 1949 4012 hor-

438 4068 557 4142 rendis
583 4067 685 4140 istius
716 4065 969 4167 Expeditionis
999 4067 1184 4164 sequelis).
1241 4066 1522 4167 Autographum
1550 4064 1740 4154 ineditum,
1766 4065 1949 4164 eleganter

439 4193 625 4292 scriptum,
642 4202 680 4263 et
694 4189 787 4264 forte
803 4189 954 4264 unicum
971 4189 1050 4286 jam
1068 4191 1226 4264 existens
1243 4191 1439 4291 exemplar.
1491 4191 1591 4284 (Fuit
1607 4189 1746 4264 Auctor
1762 4186 1946 4287 quondam

438 4312 738 4410 Rectorscholae
764 4313 1034 4405 Scalholtensis,
1060 4313 1123 4388 sed
1148 4313 1293 4388 Hafniae
1322 4313 1414 4394 1759
1441 4314 1544 4404 obiit,
1570 4326 1619 4404 et,
1645 4313 1775 4413 opibus
1801 4311 1946 4402 relictis,

439 4443 582 4517 Primus
597 4439 739 4514 Schola
762 4437 1065 4513 Hausastadensis
1088 4439 1127 4512 in
1150 4437 1308 4512 Islandia
1330 4437 1515 4512 Fundator
1535 4438 1657 4523 evasit,
1674 4438 1713 4510 in
1736 4462 1809 4510 suae
1827 4435 1947 4536 Chry-

439 4566 564 4641 soridis
582 4564 762 4665 gratiam.)

413 4814 604 4888 JOHANNIS
630 4811 802 4885 Ecoaarr
830 4809 1030 4909 (quondam
1058 4810 1224 4885 Caenobii
1251 4811 1554 4886 Modruvallensis
1581 4812 1621 4885 in
1649 4809 1808 4886 Islandia
1839 4807 1943 4907 Regii
1986 4806 2068 4906 86

438 4935 762 5028 administratoris,
776 4934 839 5010 sed
851 4948 977 5036 postea
990 4935 1143 5036 propriis
1160 4934 1290 5035 opibus
1304 4935 1502 5028 exhaustis,
1517 4935 1688 5012 Consulis
1705 4931 1942 5008 Malmiiensis
1970 4945 2016 5029 B,
2037 4945 2089 5032 1),
