5150 6530
1402 698 1454 774 20

501 907 653 982 Qvfflo·
689 903 938 979 aChristiano
963 899 1166 989 Schrivero,
1184 899 1315 974 Danici
1341 899 1452 999 Regis
1476 897 1676 990 Quaestorc,
1700 911 1737 972 et
1761 898 1838 997 ejus
1862 898 2051 974 Islandicis
2077 901 2195 990 sociis,

688 1029 903 1120 Schalholti,
920 1040 1004 1101 ante
1026 1028 1170 1100 illorum
1192 1025 1482 1116 decollationem,
1499 1024 1738 1124 compositam
1759 1036 1796 1097 et
1817 1023 1964 1123 publice
1987 1025 2195 1110 recitatam;

689 1152 980 1229 annotationibus
1010 1149 1304 1240 contradictoriis,
1331 1167 1369 1223 et
1399 1148 1602 1248 energetica
1632 1148 1863 1221 conclusione
1895 1174 1916 1220 a
1944 1146 2196 1222 damnatorum

689 1273 814 1345 amicis
832 1270 972 1344 additis.
1007 1270 1066 1346 Cf.
1087 1270 1225 1344 Histor.
1242 1270 1451 1345 Ecclesiast.
1475 1267 1641 1345 lslandiae
1661 1270 1711 1342 11.
1725 1270 1822 1352 721;
1852 1269 1931 1364 (ubi
1957 1268 2036 1342 haec
2061 1268 2198 1342 addita·

689 1409 813 1470 menta
826 1421 897 1467 non
911 1407 1168 1484 memorantur,
1182 1407 1219 1468 et
1235 1395 1355 1494 ipsum
1370 1393 1542 1494 originale
1558 1393 1731 1493 scriptum
1745 1391 1992 1488 desideratur.)
2015 1426 2049 1490 γ.
2061 1393 2197 1466 Literas

689 1519 795 1592 falsas
819 1518 952 1593 Jonam
978 1518 1274 1618 Sigmundinum,
1299 1518 1629 1618 Nomophylacem‚
1652 1517 1879 1617 inculpantes
1903 1519 1939 1610 (3
1965 1517 2198 1590 celeberrimo

689 1643 871 1743 Episcopo
888 1642 1112 1718 Gudbrando
1128 1643 1321 1718 Thorlacio
1337 1645 1376 1716 in
1392 1643 1579 1744 proprium
1593 1641 1768 1715 damnum
1782 1653 2016 1742 protestatos:
2041 1639 2113 1714 vid.
2124 1642 2152 1714 l.
2167 1668 2198 1714 c.

690 1764 844 1837 111101
866 1781 904 1837 et
919 1767 993 1854 59,
1010 1765 1072 1837 ubi
1089 1777 1211 1838 tamen
1232 1764 1337 1838 dictae
1363 1765 1472 1838 literae
1494 1789 1578 1836 curn
1604 1764 1736 1836 lectore
1758 1787 1833 1833 non
1858 1759 2198 1855 communicantur.)

690 1889 837 1970 Insertae
856 1902 940 1961 sunt
956 1902 1126 1988 praeterea
1151 1886 1263 1961 codici
1290 1887 1376 1960 huic
1400 1887 1600 1975 citationes,
1618 1900 1655 1958 et
1676 1885 1838 1958 formulae
1855 1897 2005 1958 vetustae.
2022 1883 2199 1981 juridicae,

688 2026 750 2085 ut:
777 2009 962 2085 excusatio
980 2010 1267 2110 Nomophylaeis
1285 2010 1617 2084 electi-incusatio
1638 2009 1771 2109 rapinae
1789 2007 2200 2108 commissae-appella-

688 2136 805 2208 tiones
832 2133 877 2208 ad
901 2135 1060 2209 tribunal
1087 2133 1501 2235 superius-juramenta
1526 2132 1764 2221 subditorum,
1782 2133 2047 2231 inculpatorum
2072 2131 2109 2204 et
2129 2145 2201 2204 tes·

689 2258 1032 2333 tium-admonitio
1057 2259 1203 2332 testium
1222 2261 1287 2332 &c
1322 2256 1513 2332 Accedunt
1537 2257 1692 2354 denique
1711 2256 1909 2331 Corollaria
1925 2257 2033 2346 varia,
2051 2267 2112 2329 ut:
2139 2255 2200 2329 de-

691 2381 897 2455 terminatio
913 2381 1032 2480 prisca
1050 2381 1164 2455 salarii
1178 2380 1466 2480 Nomophylaeis
1487 2380 1560 2476 (vel
1578 2378 1711 2453 summi
1722 2376 1873 2475 judicis)
1894 2376 2201 2475 Islandiae-quo-

692 2505 799 2580 modo
822 2519 931 2579 testes
949 2505 1051 2579 inviti
1070 2506 1150 2606 cogi
1174 2504 1495 2579 debeant-causae
1521 2504 1639 2578 filium
1659 2501 2114 2603 exhereditandi—regulae
2138 2502 2200 2576 do-

692 2631 880 2704 nationum
898 2629 1140 2729 legitimarum
1159 2630 1225 2701 &e
1280 2627 1444 2724 (Omnia,
1463 2641 1524 2701 aut
1539 2628 1761 2728 perplurima
1778 2629 1904 2701 saltem
1923 2626 2086 2724 inedita.)

542 2853 622 2952 56
667 2878 823 2951 1111111111
840 2889 876 2948 et
889 2876 1119 2949 Itinerarium
1137 2877 1220 2951 Olai
1238 2875 1400 2976 Egillini,
1420 2876 1572 2950 Paroehi
1592 2876 1796 2949 Insularum
1809 2875 2201 2974 Vestmanneyensium

560 2993 607 3072 A.

694 3003 783 3097 (sive
800 2999 1095 3090 Hibernicarum,
1113 2999 1159 3073 ad
1176 2998 1409 3073 meridionale
1426 2999 1593 3073 Islandioe
1610 3000 1717 3092 latus)
1734 3026 1822 3097 quas
1839 2999 1967 3073 Turcoe
1982 2998 2201 3090 Alzirenses,

694 3152 788 3199 anno
804 3124 909 3213 1627,
923 3151 1047 3197 mense
1063 3123 1164 3214 Julii,
1178 3124 1346 3213 flammis,
1362 3122 1519 3197 caedibus
1537 3151 1579 3197 ac
1593 3123 1740 3223 rapinis,
1753 3150 1818 3223 per
1837 3123 1974 3221 aliquot
1987 3122 2062 3195 dies
2077 3122 2201 3198 devas-

693 3259 830 3330 tarunt3
846 3249 941 3343 (quae
952 3248 1075 3319 omnia
1085 3246 1145 3319 hic
1156 3245 1441 3341 describuntur3)
1456 3272 1569 3344 quum
1580 3246 1702 3335 etiarn,
1713 3247 1807 3318 inter
1819 3245 1952 3318 multos
1964 3244 2063 3332 alios,
2075 3245 2201 3337 (altero

696 3371 892 3442 insularum
911 3369 1093 3443 sacerdote
1110 3371 1230 3442 occiso
1243 3377 1269 3466 ;)
1298 3369 1359 3467 (cf.
1378 3370 1443 3442 ΝΟ.
1460 3371 1522 3458 76,
1545 3372 1613 3443 118
1627 3371 1653 3464 ;)
1682 3370 1836 3442 latrones
1854 3369 1970 3458 illum,
1989 3394 2073 3440 eum
2091 3395 2201 3442 uxore

696 3491 853 3592 gravida,
871 3494 1053 3593 captivum
1080 3492 1318 3568 abduxerunt.
1365 3495 1402 3567 Is
1424 3508 1548 3567 tamen
1572 3495 1616 3566 ab
1641 3492 1710 3566 illis
1732 3506 1858 3592 postea
1881 3492 1919 3565 in
1936 3492 2073 3566 Alziria
2096 3493 2203 3566 liber-

694 3630 780 3706 tate,
799 3615 862 3689 sed
879 3617 954 3690 sine
970 3617 1136 3716 pecunia,
1153 3616 1365 3708 donabatur,
1382 3631 1419 3690 et
1441 3617 1479 3690 in
1499 3618 1642 3691 Italiam
1666 3619 1887 3708 mittebatur,
1905 3631 1945 3691 ut
1965 3618 2056 3717 Regi
2074 3619 2201 3692 Daniae

697 3739 849 3812 adferret
865 3739 1062 3839 piratarum
1078 3741 1292 3840 petitionem
1315 3739 1360 3813 de
1382 3741 1476 3840 lytro
1499 3741 1708 3840 pecuniario
1725 3741 1884 3841 ingente,
1900 3767 1967 3841 pro
1982 3740 2200 3839 reliquorum

698 3865 921 3964 captivorum
944 3862 1171 3937 lslandorum
1195 3863 1417 3937 redemtione
1443 3863 1624 3938 solvendo.
1676 3864 1848 3938 Sacerdos
1871 3865 1945 3955 ille,
1963 3864 2203 3941 mendicando

695 3989 831 4062 victum
856 4001 892 4061 et
911 4001 1094 4061 vecturam
1120 3987 1187 4061 sibi
1206 4013 1413 4086 comparare
1436 4001 1594 4076 coactus,
1611 4013 1657 4060 ex
1674 3988 1790 4078 Italia,
1807 4015 1873 4088 per
1890 3987 2047 4063 Galliam
2065 4005 2102 4063 et
2118 3991 2203 4064 Bel-

697 4112 809 4210 gium,
836 4110 1011 4185 Hafniam
1037 4111 1153 4210 petiit,
1170 4122 1218 4183 et
1244 4109 1340 4200 inde,
1364 4137 1487 4183 mense
1515 4109 1603 4183 Julii
1636 4113 1741 4200 1628,
1768 4112 1806 4184 in
1834 4111 2029 4199 Islandiam
2052 4116 2200 4188 revenit.

701 4235 899 4334 (Scriptum
916 4237 1093 4311 ineditum
1111 4236 1239 4334 etjam
1257 4236 1507 4330 rarissimum.)

549 4462 615 4570 57
620 4537 629 4556 .
675 4486 843 4558 Ramrlo
860 4481 904 4556 de
921 4481 1066 4557 Islando
1084 4483 1253 4581 quodam,
1266 4483 1367 4557 Arna
1383 4483 1492 4575 dicto,
1507 4510 1553 4556 ex
1570 4483 1682 4583 ipsius
1699 4484 1786 4557 orali
1803 4483 2005 4575 traditione,
2019 4487 2202 4584 quomodo

566 4600 614 4679 A.
699 4609 729 4681 is
747 4608 980 4700 (3111101743)
996 4607 1033 4678 111
1052 4607 1168 4679 insula
1185 4606 1336 4696 deserta,
1347 4606 1391 4680 ad
1405 4607 1571 4681 Islandiae
1587 4607 1759 4680 orientale
1777 4608 1873 4699 litus,
1886 4611 1923 4682 in
1934 4609 2101 4683 Alforum
2113 4613 2202 4705 (sive

701 4732 901 4832 geniorum,
916 4727 1075 4826 alioquin
1090 4729 1303 4828 plerumque
1320 4731 1571 4826 invisibilium)
1590 4732 1783 4830 magnifica
1798 4733 2002 4807 habitacula
2014 4733 2121 4808 fuerit
2140 4735 2202 4808 de-

701 4856 841 4945 ductus,
858 4866 1005 4954 propter
1022 4878 1193 4943 amorem,
1211 4879 1320 4950 quem
1341 4854 1507 4956 nympha
1528 4854 1705 4954 quaedam,
1723 4856 1856 4957 Biarga
1872 4858 2068 4948 nominata,
2087 4885 2203 4932 sacer-

700 4980 793 5056 dotis
810 4976 1014 5077 insignioris
1037 4976 1123 5066 filia,
1140 4977 1179 5050 in
1202 5003 1285 5052 eum
1310 4992 1534 5079 conceperat,
1553 4980 1615 5054 sed
1636 4980 1777 5073 flustra,
1799 5008 1883 5055 cum
1906 4981 1935 5056 is
1960 5009 2041 5056 earn
2064 4984 2201 5058 ambire
