5150 6530
1115 711 1169 793 27

396 918 562 1015 fructus)
578 913 877 1014 Fibrunytiar,
896 913 1105 1013 (proventus
1123 915 1197 988 sive
1214 913 1436 989 ususfructus
1454 915 1473 990 ὲ
1490 915 1620 1014 litora)
1639 914 2061 1016 GrasnytiarQosaro.

402 1047 613 1146 (proventus
639 1044 660 1114 ὲ
686 1039 946 1140 vegetabilibus
971 1038 1103 1134 fundi,)
1136 1051 1173 1111 et
1202 1038 1651 1131 Grasnautnarhvalr,
1683 1041 1835 1135 (balaena
1864 1043 1901 1115 in

397 1166 552 1241 fundum
569 1174 772 1237 terrestrem
788 1174 994 1261 protensam
1011 1186 1057 1233 ex
1079 1186 1215 1233 oceano
1231 1159 1373 1258 ejecta.)
1417 1160 1487 1234 Hae
1502 1173 1575 1233 tres
1588 1160 1725 1234 ultimae
1741 1186 1846 1234 voces
1863 1161 1902 1234 in

398 1291 510 1392 ipsius
528 1287 680 1362 auctoris
691 1285 771 1382 jam
788 1285 964 1386 impresso
981 1283 1116 1358 lexico
1131 1282 1312 1356 Islandico
1329 1300 1414 1356 sunt
1428 1284 1573 1383 penitus
1590 1283 1743 1359 omissae.
1771 1283 1901 1381 (Auto-

398 1409 579 1510 graphum
594 1404 800 1502 ineditum.)

374 1661 572 1734 Baauours
595 1655 769 1730 Jonnsau
794 1653 1007 1728 Dissertatio
1031 1651 1402 1750 Antiquario-Critiea
1427 1652 1471 1726 de
1499 1651 1635 1751 Satyris
1660 1653 1840 1727 veteribus
1865 1666 1902 1726 et
1945 1647 2026 1757 73

400 1783 514 1873 novis,
533 1778 734 1878 (Panisos,
747 1776 910 1869 Faunis,
928 1780 994 1851 &e
1012 1777 1148 1851 Ebraeis
1172 1789 1209 1849 et
1231 1775 1563 1867 Graeeo-Romanis,
1581 1789 1617 1850 at
1633 1777 1901 1876 Septentriona-
1929 1784 1976 1865 Β,
1996 1785 2048 1866 D,

400 1907 503 1997 lium,
522 1904 598 1978 scil.
616 1905 880 2002 Norvegorum,
896 1900 1137 1991 lslandorum,
1154 1915 1190 1973 et
1205 1901 1256 2000 pl.
1273 1898 1412 1985 Alfis;
1438 1900 1550 2001 Angl.
1568 1899 1654 1998 Em
1668 1899 1798 1988 Elaea,
1816 1902 1899 1995 dcc.)

402 2031 514 2125 (eirca
542 2025 703 2101 medium
733 2025 843 2099 seculi
871 2021 951 2098 181ῃί
975 2023 1189 2123 conscripta,
1214 2022 1277 2096 sed
1301 2023 1340 2095 in
1364 2023 1461 2097 Hist.
1486 2024 1574 2097 List.
1600 2025 1662 2098 lsl.
1693 2024 1901 2124 Sciagraph.

402 2176 476 2223 non
492 2146 718 2243 memorata.)
755 2144 1035 2245 Autographum
1052 2143 1229 2219 ineditum
1247 2156 1284 2217 et
1300 2144 1540 2219 verisimiliter
1553 2146 1739 2246 exemplar
1755 2147 1903 2220 unicum

396 2275 475 2372 jam
493 2272 671 2345 existensz
698 2269 837 2343 Latine.

1057 2469 1218 2544 Poetico.

379 2641 650 2716 ceraseorum
666 2639 857 2715 donamus
877 2639 1018 2715 Oasvu
1035 2639 1341 2715 Grunnavieensis
1366 2640 1543 2716 Collectio
1566 2641 1768 2715 Metrorum
1792 2643 1905 2715 Islan-
1949 2628 2029 2740 74

402 2764 577 2854 dicorum,
592 2789 715 2838 eorum
732 2763 914 2865 precipue
931 2789 1011 2863 quae
1027 2790 1094 2863 pro
1107 2763 1328 2838 difficillimis
1342 2778 1378 2838 et
1395 2764 1697 2839 mtifieiosissimis
1715 2765 1905 2854 habentur,
1933 2767 1980 2850 Β,
2001 2767 2049 2848 Ε,

402 2908 594 2957 nimirum:

426 3042 458 3081 α.
485 3007 586 3081 Halli
604 3006 678 3081 sive
696 3006 835 3080 Halleri
849 3007 1009 3108 Magnaei
1029 3007 1206 3106 (defuncti
1224 3035 1320 3083 anno
1337 3008 1428 3085 Chr.
1451 3011 1557 3100 1587,
1574 3010 1809 3085 Enumeratio
1829 3011 1906 3112 Ap-

451 3131 702 3231 pellationum,
725 3157 806 3228 quae
831 3132 881 3203 50
904 3129 1050 3205 diversis
1078 3133 1301 3231 antiquitatis
1327 3134 1450 3215 metris
1475 3134 1552 3231 ejus
1578 3147 1741 3234 tempore
1767 3136 1905 3236 imponi

451 3256 624 3328 solebant.

427 3392 464 3470 β.
491 3380 664 3478 Ejusdem
687 3379 1092 3473 Rimna-Hattatal,
1109 3383 1183 3456 sive
1200 3382 1381 3482 Exempla
1402 3385 1450 3457 38
1474 3397 1671 3457 metrorum
1697 3385 1905 3459 recentioris

452 3500 604 3603 generis,
630 3525 710 3598 quae
736 3502 844 3600 vulgo
870 3503 1098 3601 appellantur
1124 3503 1288 3595 Rimur,
1318 3505 1373 3601 (in
1399 3505 1490 3604 sing.
1509 3502 1634 3596 Rima,
1656 3505 1767 3605 Angl.
1785 3504 1904 3596 Rima,

451 3627 547 3700 Dan.
564 3623 664 3714 Rim,
682 3625 764 3722 διο.)
818 3623 910 3697 Haec
931 3625 1009 3721 ejus
1034 3627 1207 3702 Carmina
1229 3629 1267 3701 in
1291 3626 1501 3728 Seiagraph.
1524 3629 1622 3704 Hist.
1648 3629 1719 3702 Lit.
1742 3630 1804 3703 Isl.
1831 3656 1904 3702 non

450 3760 707 3823 memorantur.

425 3909 459 3973 γ.
485 3872 569 3946 Alia
586 3871 712 3944 similis
731 3871 922 3962 Collectio,
939 3874 1042 3973 plura
1059 3875 1239 3974 exempla,
1256 3875 1295 3949 in
1313 3901 1454 3950 summa
1470 3878 1532 3968 34,
1549 3877 1804 3977 complectens.

427 4001 455 4074 ὃ.
481 4000 573 4073 Duae
589 4009 727 4072 veteres
745 3995 960 4087 Cantilenae,
977 3996 1111 4072 Oreadi
1127 3999 1340 4100 Norvegicoe
1356 4014 1394 4074 et
1410 3999 1544 4077 Sancto
1562 3999 1679 4075 Olavo
1695 4000 1786 4099 Regi
1810 4002 1902 4092 (tum

449 4129 576 4224 puero)
594 4120 793 4221 adscripta.

425 4283 451 4324 ε.
479 4247 602 4323 Clavis
619 4246 776 4319 Mettica
790 4245 989 4346 Anonymi,
1007 4246 1197 4321 continens
1213 4251 1261 4320 44
1281 4250 1461 4350 exempla.

425 4385 453 4464 ζ.
481 4370 603 4446 Clavis
620 4369 776 4442 Matrica
793 4367 1006 4444 Gudmundi
1018 4368 1234 4462 Theodorei,
1251 4372 1498 4473 complectens
1515 4373 1564 4445 20
1581 4373 1760 4472 exempla.

424 4526 456 4582 η.
483 4489 606 4567 Clavis
628 4488 783 4562 Metrica
798 4489 973 4589 Antiqua,
990 4516 1011 4563 e
1034 4491 1263 4566 collectaneis
1285 4493 1415 4593 Magni
1431 4493 1621 4568 Johannaei
1638 4493 1837 4594 Vigrensis,
1855 4496 1903 4567 20

449 4610 640 4684 rarioribus
657 4609 781 4682 metris
798 4621 976 4684 constans.

426 4739 453 4804 θ.
479 4730 589 4805 Sexta
603 4728 759 4804 Vetusta
773 4730 972 4832 Anonyma
988 4735 1177 4809 continens
1193 4737 1363 4836 exempla
1381 4737 1439 4810 65.

425 4883 449 4926 ι.
474 4851 632 4950 Singulae
656 4850 858 4927 Cantilenae
873 4855 1065 4930 Poetarum
1085 4858 1349 4950 Celebriorum,
1371 4859 1447 4933 scil.
1465 4858 1598 4933 Fratris
1615 4857 1736 4950 Arna,
1757 4858 1903 4957 (Mona-

451 4974 511 5049 chi
542 4974 724 5073 quondam
750 4976 1049 5080 lhingeyrensis)
1077 4982 1271 5057 Biomonis
1295 4982 1498 5075 Johannaei,
1522 4981 1703 5058 Theodori
1729 4979 1887 5081 Magnes·

1104 5109 1167 5184 at
