5150 6530
1091 744 1141 819 15

346 955 549 1028 Pancrrcrs
570 973 723 1024 seems
744 948 882 1022 Nonus
899 943 1098 1020 Gonnrus:
1125 945 1234 1044 vulgo
1257 943 1593 1019 Rembihm'rtur:
1618 944 1785 1045 Systema
1807 949 1881 1022 Ve-
1890 959 2042 1036 Quaero.

372 1077 457 1150 teris
475 1072 702 1149 islandorum
717 1067 1026 1170 Jurisprudentiae.
1070 1069 1229 1142 Auctore
1248 1067 1343 1143 Jona
1356 1066 1518 1158 Davidis,
1537 1069 1729 1144 Sacerdote
1748 1072 1881 1146 Amar-
1924 1066 2008 1163 34

373 1201 528 1274 boelense
547 1196 657 1271 seculi
679 1195 772 1276 1711.
810 1193 1009 1294 Exemplar
1024 1205 1207 1268 vetustum
1224 1206 1262 1265 et
1278 1193 1425 1291 optimae
1442 1206 1548 1268 notae.
1586 1193 1782 1269 Ineditum.
1943 1202 1991 1282 Α,

294 1513 296 1518 .
349 1450 456 1524 Mne.
472 1449 576 1522 Jonae
587 1445 722 1536 Amoei,
740 1444 913 1546 Episcopi
936 1443 1194 1518 Scalholtensis
1218 1442 1429 1534 doctissimi,
1447 1443 1629 1544 Scriptum
1647 1445 1692 1519 de
1707 1446 1795 1522 Jure
1813 1449 1882 1522 Ec·
1925 1430 2007 1527 35.

375 1573 575 1648 clesiastico
601 1570 794 1663 (variorum
818 1568 1079 1670 legislatorum)
1102 1568 1280 1659 Islandiae,
1300 1574 1337 1666 (a
1357 1572 1479 1644 seculo
1501 1573 1588 1643 121ιιο
1605 1570 1650 1645 ad
1674 1575 1786 1646 finem
1809 1601 1881 1648 sec.
1911 1566 1959 1646 A.
1979 1566 2031 1647 D.

381 1697 488 1792 Una)
541 1695 778 1769 Rarissimam
797 1708 835 1766 et
849 1691 1040 1767 ineditum.
1083 1692 1282 1793 Exemplar
1299 1695 1575 1794 autographum.
1628 1696 1688 1772 Cf.
1707 1698 1772 1771 N⁰.
1791 1700 1850 1771 36.

352 1950 466 2024 Enim
483 1945 678 2035 Johannei,
696 1942 868 2043 Episcopi
895 1942 1154 2017 Scalholtensis
1177 1943 1414 2034 celeberrimi,
1432 1943 1522 2016 liber
1548 1942 1593 2017 de
1615 1944 1702 2020 Jure
1725 1945 1886 2020 Ecclesi·
1927 1927 2009 2026 36.

377 2076 488 2149 astico
516 2069 696 2161 Islandioe,
722 2087 800 2144 tam
826 2069 866 2142 in
890 2068 995 2141 variis
1023 2068 1267 2168 legislatorum
1298 2067 1496 2159 codicibus,
1526 2095 1636 2166 quam
1667 2071 1705 2143 in
1735 2071 1885 2172 singulis
1947 2065 1994 2145 A.

376 2223 516 2299 regum,
531 2195 806 2296 magistratuum
824 2207 931 2291 atque
944 2193 1198 2296 episcoporum
1216 2194 1377 2279 statutis;
1404 2196 1449 2268 ab
1464 2222 1560 2268 anno
1578 2197 1669 2269 1015
1686 2195 1732 2270 ad
1745 2223 1884 2271 annum

381 2323 487 2405 1746.
538 2321 775 2396 Rarissimum
794 2331 901 2418 atque
918 2317 1107 2392 ineditum.
1152 2318 1211 2394 cf.
1230 2319 1295 2392 ΝΟ.
1313 2321 1375 2409 35,
1391 2319 1452 2410 37,
1475 2322 1531 2410 14,
1548 2328 1585 2407 β.
1608 2322 1663 2393 18.

352 2576 513 2649 Vrorusr
529 2569 711 2645 lohannei
730 2567 894 2668 (parochi
912 2565 1192 2662 Hitardalensis)
1214 2567 1495 2642 Observationes
1519 2580 1555 2641 et
1570 2565 1831 2645 Additamento
1846 2573 1884 2644 in
1928 2545 2010 2656 37.

380 2698 513 2792 (fratris
545 2695 614 2790 sui)
643 2694 752 2768 Firmi
777 2693 959 2769 Johannei
991 2692 1227 2793 (praecedens)
1260 2695 1433 2793 scriptum
1462 2693 1612 2790 dejure
1642 2695 1884 2772 ecclesiastico
1914 2683 1961 2764 Β.
1981 2683 2032 2764 D.

377 2820 554 2897 Islandioe.
596 2817 878 2917 Autographum
905 2817 1126 2892 rarissimum
1154 2830 1203 2908 et,
1229 2832 1271 2892 ut
1297 2817 1450 2908 videtur,
1477 2819 1639 2892 unicum.
1686 2819 1882 2895 Ineditum.

378 2945 437 3022 Cf.
455 2947 504 3019 36
522 2946 587 3017 &e

351 3195 478 3270 Vnam
502 3205 643 3266 vetusta
667 3190 863 3291 Synodalia
888 3218 984 3265 anno
1014 3192 1106 3264 1594
1135 3217 1177 3264 ac
1198 3190 1453 3288 sequentibus;
1481 3188 1646 3287 quaedam
1674 3218 1800 3291 regum
1827 3220 1886 3267 ca·
1926 3172 2009 3270 38.

376 3318 608 3406 tholicorum,
625 3315 891 3415 episcoporum,
913 3331 951 3389 et
972 3315 1040 3388 fori
1063 3313 1252 3415 generalis,
1276 3314 1552 3388 constitutiones
1575 3315 1620 3389 de
1643 3317 1749 3389 rebus
1771 3319 1886 3391 eccle·
1945 3309 1994 3389 A.

376 3441 527 3517 siasticis
553 3440 830 3539 bec—partim,
856 3452 897 3514 ut
921 3441 1074 3530 videtur,
1099 3441 1245 3542 propria
1268 3466 1381 3514 manu
1408 3440 1506 3516 Oddi
1531 3441 1687 3534 Einaris,
1712 3443 1885 3544 Episcopi

376 3565 647 3655 Scalholtensis,
664 3563 855 3665 descripto.
890 3564 1042 3640 inedita.
1084 3567 1158 3663 (Ex
1176 3565 1411 3666 amplioribus
1430 3567 1686 3662 collectaneis.)

351 3818 463 3890 ΑΗΕ
484 3815 641 3913 Regum,
664 3812 928 3912 Episcoporum
954 3811 1242 3904 Catholicorum,
1263 3813 1508 3914 Satraparum‚
1532 3830 1569 3889 et
1593 3815 1886 3914 Magistratuum,
1926 3796 2011 3894 39.

377 3937 543 4014 Islandise
569 3949 713 4028 statuta,
738 3947 775 4010 et
799 3935 943 4012 decreta
962 3949 1115 4027 vetusta,
1133 3935 1178 4010 ad
1203 3963 1259 4012 res
1282 3938 1542 4013 ecclesiasticas
1568 3937 1784 4038 pertinentia
1810 3964 1884 4012 am·
1945 3933 1994 4013 A.

375 4064 550 4164 plioribus
566 4061 823 4159 collectaneis.)

351 4317 602 4389 Anvnssmn
616 4323 758 4384 venrata
768 4310 937 4408 juridica,
954 4313 1086 4410 quibus
1103 4313 1285 4412 proecipue
1302 4311 1557 4386 continentur:
1926 4291 2009 4391 40.

400 4473 432 4513 a.
458 4437 652 4513 Variorum
664 4434 898 4533 jurisjurandi
914 4436 1152 4512 formularum
1168 4438 1439 4538 explicationes.
1475 4435 1637 4512 Ineditae.
1944 4429 1991 4509 A.

401 4573 438 4652 β.
464 4563 614 4664 Regulae
624 4560 815 4659 judiciales
833 4562 1021 4660 (ineditae.)

400 4721 435 4785 γ.
459 4687 649 4761 Tractatus
666 4685 711 4759 de
730 4686 970 4785 appellatione
988 4713 1188 4762 causarum.
1224 4686 1398 4761 Ineditus.

402 4813 430 4885 l.
456 4811 650 4884 Permultae
666 4809 830 4884 formulae
841 4810 1030 4907 juridicae3
1057 4823 1110 4902 ut,
1124 4810 1387 4912 appellationis,
1400 4809 1593 4900 citationis,
1609 4808 1806 4909 petitionis,
1824 4805 1883 4880 de·

427 4935 544 5008 bitum
569 4932 742 5023 solvendi,
760 4934 1008 5032 jurisjurandi,
1032 4935 1290 5034 sequestrandi,
1314 4934 1444 5010 fundos
1475 4933 1644 5008 offerendi
1669 4932 1726 5007 vel
1753 4931 1885 5005 abalie-

428 5057 550 5148 nandi‚
567 5056 656 5132 dicae
673 5060 712 5133 in
729 5059 899 5156 quintum
914 5059 1012 5134 diem
1032 5059 1383 5158 (Fimtarstefna)
1402 5057 1602 5134 indicendae
1620 5057 1686 5131 &c
1722 5053 1883 5130 Ineditae.
