5150 6530
1135 711 1184 786 41

420 911 529 986 etiam
552 914 610 1010 (ut
624 910 781 1010 videtur)
803 912 1005 1012 originales.
1043 913 1143 986 Inter
1159 912 1224 986 has
1244 912 1416 987 melodias
1433 939 1507 987 una
1526 913 1678 1009 (Psalmi
1698 916 1784 1012 136)
1803 913 1928 1016 adapt—
1940 924 2079 988 Ocrxvo

421 1036 471 1108 ari
497 1048 618 1135 potest
644 1048 760 1109 metro
788 1035 1031 1110 vetustissimo
1061 1036 1371 1112 Scandinavorum
1403 1036 1501 1111 dicto
1534 1035 1825 1136 Dr6ttqvoedi,
1859 1039 1929 1113 alia
1986 1011 2039 1074 ⁸²⁰·

420 1173 541 1234 autem
559 1159 710 1254 (Psalmi
732 1162 816 1259 139)
838 1187 905 1261 pro
926 1161 1123 1236 variatione
1145 1160 1320 1260 ejusdem,
1337 1162 1435 1261 quod
1458 1163 1764 1265 Fornyrllalag
1785 1162 1927 1256 dicitur,

419 1283 658 1360 verisimiliter
674 1295 730 1357 est
746 1284 923 1359 habenda.
975 1285 1028 1358 Hi
1047 1287 1175 1359 musici
1193 1285 1330 1360 moduli
1348 1313 1390 1360 ac
1407 1298 1522 1360 metra
1540 1287 1637 1388 genii
1654 1288 1749 1361 inter
1765 1287 1928 1362 Islandos

419 1407 514 1481 illius
539 1407 605 1482 avi
633 1408 728 1482 clara
754 1420 838 1481 sunt
864 1422 1112 1482 monumenta.
1163 1409 1231 1484 Est
1254 1409 1495 1484 verisimiliter
1519 1411 1610 1483 liber
1638 1411 1742 1485 hicce
1767 1425 1927 1486 vetustus

423 1530 542 1628 (cujus
566 1531 737 1606 ultimum
765 1531 894 1605 folium
917 1531 1171 1606 tantummodo
1201 1532 1325 1608 deesse
1353 1533 1509 1631 videtur)
1539 1534 1654 1634 ignoti
1684 1548 1721 1608 at
1749 1535 1927 1636 ingeniosi

420 1654 624 1754 interpretis
655 1655 917 1754 autographon,
948 1669 1055 1754 atque
1084 1655 1234 1729 unicum
1264 1657 1372 1730 simul
1392 1656 1472 1753 jam
1502 1655 1686 1730 existens:
1716 1654 1827 1728 literis
1853 1655 1927 1730 Go-

418 1779 526 1853 thicis
543 1793 701 1854 correcte
718 1794 916 1853 exaratum.

459 1905 520 1996 (In
544 1905 654 2002 hujus
677 1903 811 1978 codicis
833 1905 994 2005 tegmine
1019 1905 1251 2005 conspicitur,
1275 1906 1370 1978 intcr
1390 1906 1459 1980 alia
1482 1921 1705 1999 ornamenta,
1722 1905 1811 2006 regii
1831 1906 1926 1980 illius

417 2031 521 2106 Vatis
538 2034 665 2132 figura,
681 2033 783 2133 prelo
801 2031 930 2133 soepius
949 2032 1149 2131 impressa.)

392 2282 802 2371 Poiimnrs,rnmc1rus
820 2305 948 2372 sacas,
963 2281 1180 2354 concinnata
1197 2281 1370 2380 aMagno
1384 2281 1535 2371 Petraeo,
1548 2279 1761 2380 Toparchia
1774 2279 1927 2381 Skapta-
1959 2252 1980 2354 l
1993 2252 2068 2354 l2.

414 2408 573 2482 fallentis
589 2407 677 2481 olim
694 2408 902 2507 Praeposito,
921 2408 967 2480 ab
985 2419 1129 2481 auctore
1146 2407 1226 2505 ipso
1243 2406 1283 2478 in
1300 2430 1415 2477 unum
1432 2403 1588 2494 redacta,
1601 2419 1638 2477 et
1651 2405 1690 2477 in
1706 2404 1820 2477 varias
1838 2406 1926 2479 clas·
1954 2394 2001 2474 Β.
2022 2392 2073 2475 D,

417 2558 472 2605 ses
484 2531 610 2622 divisa,
620 2558 652 2605 e.
664 2559 698 2632 g.
712 2532 888 2622 Threnos,
899 2532 956 2606 vel
967 2531 1130 2604 Psalmos
1141 2529 1426 2618 Poenitentiales,
1439 2528 1721 2617 Consolatorios,
1733 2529 1820 2612 &c.;
1839 2529 1925 2602 alios

415 2655 515 2729 festis
529 2655 759 2753 quibusdam,
773 2655 878 2729 certis
892 2654 978 2728 anni
990 2655 1215 2756 temporibus
1228 2668 1266 2727 et
1277 2652 1383 2728 variis
1396 2653 1646 2727 occasionibus
1659 2651 1807 2728 dicatos.
1841 2655 1927 2731 Col-

416 2780 522 2854 lectio
539 2780 729 2869 rarissima,
746 2779 897 2855 Auctori
915 2778 1127 2879 Sciagraph.
1155 2778 1253 2851 Hist.
1272 2778 1342 2851 Lit.
1359 2779 1494 2879 ignota.
1521 2779 1674 2879 Scripsit
1690 2794 1815 2853 auctor
1831 2782 1925 2856 circa

415 2929 551 2977 annum
582 2905 675 2977 1628
701 2917 739 2975 et
763 2917 965 3001 sequentes,
991 2928 1064 3000 qua
1087 2900 1248 3002 periodo,
1274 2902 1369 2974 inter
1394 2902 1476 2992 alia,
1503 2901 1705 3001 composita
1731 2915 1785 2976 est
1813 2903 1924 3003 ipsius

414 3023 581 3122 Tyrkia
606 3022 747 3097 Svaefa
769 3025 844 3095 eor
869 3023 1012 3096 Dilla:
1040 3023 1064 3095 i.
1082 3049 1113 3095 e.
1138 3021 1268 3096 Naenia
1289 3021 1417 3094 Turcis
1444 3019 1651 3121 soporifera,
1676 3018 1770 3092 diras
1796 3033 1833 3092 et
1857 3021 1925 3093 im·

415 3147 639 3247 precationes
665 3147 826 3220 insolitas
859 3147 1001 3247 magico
1025 3147 1100 3222 fere
1125 3160 1249 3221 tenore
1274 3146 1459 3248 proferens
1485 3147 1524 3219 in
1549 3147 1684 3220 Turcas
1706 3146 1924 3238 Alzirenses,

415 3271 477 3368 qui
504 3297 619 3370 nuper
644 3269 841 3344 Islandiam
867 3269 1061 3371 depraedati
1086 3270 1239 3344 filerunt.
1289 3270 1374 3345 Alia
1396 3270 1473 3368 ejus
1499 3270 1667 3361 Querela,
1687 3270 1924 3345 Veraldar-

415 3392 591 3492 Spegill
626 3391 839 3493 (Speculum
869 3392 1020 3492 Mundi)
1053 3395 1140 3467 vitia
1171 3391 1398 3467 Islandorum
1430 3392 1628 3494 prasertim
1662 3390 1924 3492 Skaptafellen-

416 3519 509 3593 sium
527 3544 728 3592 coaevorum
747 3516 956 3618 gravissime
973 3518 1104 3619 arguit,
1121 3545 1205 3592 cum
1223 3518 1388 3619 pluribus
1412 3515 1538 3591 similis
1560 3517 1775 3617 argumenti,
1792 3518 1923 3617 partim

414 3657 551 3717 naturae
575 3655 801 3743 portentosas
824 3641 1064 3715 revolutiones
1090 3654 1128 3715 et
1152 3641 1403 3741 intemperiem
1433 3639 1717 3741 deplorantibus,
1743 3642 1809 3714 &c
1859 3641 1926 3714 Est

414 3767 568 3841 auctoris
595 3765 872 3865 autographum,
895 3777 936 3838 ut
960 3790 1096 3837 nomen
1122 3766 1368 3866 subscriptum
1392 3765 1454 3838 fol.
1483 3767 1551 3839 113
1577 3777 1739 3857 testatur,
1763 3766 1923 3864 exceptis

413 3892 507 3966 foliis
532 3891 672 3993 primis,
690 3916 782 3989 quae,
799 3905 947 3991 propter
967 3889 1096 3964 veteris
1123 3889 1256 3963 chartae
1281 3891 1535 3990 conuptelam,
1553 3917 1575 3964 a
1591 3916 1703 3963 manu
1725 3889 1922 3962 recentiore

414 4030 499 4090 sunt
525 4014 657 4106 addita,
683 4026 791 4111 atque
817 4009 1055 4113 appendicem
1080 4025 1118 4085 et
1148 4011 1306 4088 indicem
1338 4013 1618 4113 alphabeticum.
1669 4011 1923 4086 Verisimiliter

413 4141 576 4230 unicum,
593 4137 690 4238 quod
701 4137 781 4236 jam
798 4137 932 4227 existit,
949 4137 1146 4237 exemplar.

389 4389 629 4462 Psnmsonun
653 4387 945 4461 Ismunrcoauir
969 4384 1148 4460 Collectio
1171 4384 1394 4483 amplissima
1416 4407 1559 4457 necnon
1582 4381 1755 4456 similium
1777 4381 1919 4457 Carmi-
1950 4354 2058 4462 ll3.

414 4539 516 4604 num,
530 4512 729 4585 maximam
742 4527 882 4610 partem
895 4507 1127 4597 ineditorum,
1140 4533 1292 4581 numero
1303 4508 1378 4585 447
1391 4505 1463 4599 (vel
1476 4507 1548 4580 462
1564 4532 1610 4580 ex
1625 4506 1694 4579 alia
1706 4505 1895 4603 divisione)
1909 4537 1918 4591 ;
1946 4498 1993 4578 Β.
2014 4501 2062 4581 Ε.

278 4711 283 4722 ,
414 4639 523 4712 literis
549 4635 715 4713 Gothicis
738 4636 921 4735 eleganter
942 4643 1051 4730 atque
1077 4645 1242 4705 accurate
1268 4644 1423 4721 exarata,
1450 4655 1470 4703 a
1495 4628 1688 4703 Sacerdote
1713 4627 1920 4703 Reidawat-

413 4763 528 4835 nensi.
553 4762 641 4836 Tres
654 4760 791 4834 indices
805 4760 974 4856 (quorum
988 4756 1060 4831 duo
1074 4755 1308 4858 alphabetici)
1323 4767 1407 4829 sunt
1421 4753 1545 4844 additi,
1559 4754 1744 4844 nimirum,
1757 4777 1794 4826 α.
1807 4752 1920 4853 prim-

414 4884 555 4958 ordialis
588 4885 826 4974 Psalmorum,
856 4881 890 4956 6.
916 4883 1020 4957 realis
1046 4883 1102 4957 rel
1135 4879 1317 4970 classicus,
1341 4893 1390 4971 et,
1414 4903 1445 4954 c.
1473 4894 1660 4954 auctorum
1693 4878 1919 4978 cognitorum

418 5014 585 5107 (numero
609 5009 685 5108 36).
736 5009 836 5083 Inter
861 5006 1021 5080 maxime
1047 5004 1296 5080 memorabilia
1320 5004 1520 5078 habentur:
1552 5003 1649 5078 varia
1673 5003 1814 5103 poetica
1837 5000 1919 5073 Me-

1128 5155 1152 5202 o
